@String{AMSTAT = "American Statistician"}

@String{ANNMATHSTAT = "Annals of Mathematical Statistics"}

@String{ANNSTAT = "Annals of Statistics"}

@String{APPSTAT = "Applied Statistics"}

@String{BIOKA = "Biometrika"}

@String{BIOMJ = "Biometry Journal"}

@String{BIOMX = "Biometrics"}

@String{CANJS = "Canadian Journal of Statistics"}

@String{COMMSTAT = "Communications in Statistics"}

@String{IMSBUL = "IMS Bulletin"}

@String{INTSTREV = "International Statistical Review"}

@String{JAPPROXTH = "Journal of Approximation Theory"}

@String{JASA = "Journal of the American Statistical Association"}

@String{JBES = "Journal of Business and Economics Statistics"}

@String{JQUALTECH = "Journal of Quality Technology"}

@String{JRSSA = "Journal of the Royal Statistical Society, Ser. A"}

@String{JRSSB = "Journal of the Royal Statistical Society, Ser. B"}

@String{NUMERMATH = "Numerische Mathematik"}

@String{SIAMREV = "SIAM Review"}

@String{SISSC = "SIAM Journal of Scientific and Statistical Computing"}

@String{TEACHSTAT = "Teaching Statistics"}

@String{TOMS = "ACM Transactions on Mathematical Software"}
