@STRING{asaprostcp="ASA Proceedings of the Statistical Computing Section" }
@String{JASA =   "Journal of the American Statistical Association"}
@String{JRSSB =  "Journal of the Royal Statistical Society, Ser. B"}

@Book{abra:steg:1964,
  publisher =    "Dover",
  address =      "New York",
  author =       "M. Abramowitz and I. A. Stegun",
  title =        "Handbook of Mathematical Functions with Formulas,
		  Graphs, and Mathematical Tables",
  year =         "1964",
}

@Book{		  atki:1985,
  author	= {A. C. Atkinson},
  title		= {Plots, Transformations, and Regression},
  publisher	= {Oxford Press},
  year		= 1985,
  address	= {New York}
}

@InBook{	  bate:cham:1992,
  author	= {Douglas M. Bates and John M. Chambers},
  title		= {Nonlinear models},
  chapter	= 10,
  pages		= {421--454},
  crossref	= {cham:hast:1992}
}

@InProceedings{	  bate:pinh:1997,
  author	= {Douglas M. Bates and Jos\'{e} C. Pinheiro},
  title		= {Software Design for Longitudinal Data},
  editor	= {Timothy G. Gregoire},
  booktitle	= {Modelling Longitudinal and Spatially Correlated Data:
		  Methods, Applications and Future Directions},
  year		= 1997,
  address	= {New York},
  publisher	= {Springer-Verlag}
}

@TechReport{bate:pinh:1998,
  author =       "Douglas M. Bates and Jos\'e C. Pinheiro",
  title =        "Computational Methods for Multilevel Models",
  institution =  "Bell Labs, Lucent Technologies",
  year =         "1998",
  type =         "Technical Memorandum",
  number =       "BL0112140-980226-01TM",
  address =      "Murray Hill, NJ",
  month =        "February"
}

@Book{		  bate:watt:1988,
  author	= {Douglas M. Bates and Donald G. Watts},
  title		= {Nonlinear Regression Analysis and Its Applications},
  publisher	= {Wiley},
  year		= 1988,
  address	= {New York},
  pages		= 365
}

@Article{	  baum:wald:1963,
  author	= {F. Baumann and F. Waldvogel},
  title		= {La restitution pastsystolique de la contraction de
		  l'oreillette gauche du rat. {E}ffets de divers ions et de
		  l'acetylcholine},
  journal	= {Helvetica Physiologica Acta},
  year		= 1963,
  volume	= 21
}

@Article{beal:shei:1980,
  journal =      "American Statistician",
  volume =       "34",
  pages =        "118--119",
  author =       "Stuart Beal and Lewis Sheiner",
  title =        "The {NONMEM} System",
  year =         "1980",
}

@Manual{beal:shei:1984,
  organization = "U. of California",
  address =      "San Francisco",
  author =       "Stuart Beal and Lewis Sheiner",
  title =        "{NONMEM} Users' Guide",
  year =         "1984",
}

@Book{beck:cham:wilk:1988,
  publisher =    "Wadsworth",
  address =      "Belmont, CA",
  pages =        "720",
  author =       "Richard A. Becker and John M. Chambers and Allan R.
                 Wilks",
  title =        "The New {S} Language: {A} Programming Environment for
                 Data Analysis and Graphics",
  year =         "1988",
}

@Article{beck:clev:shyu:1996,
  author	= {Richard A. Becker and William S. Cleveland and Ming-Jen
		  Shyu},
  title		= {The Visual Design and Control of Trellis Graphics
		  Displays},
  journal	= {Journal of Computational and Graphical Statistics},
  year		= 1996,
  volume	= 5,
  number	= 2,
  pages		= {123--156}
}

@TechReport{benn:wake:1993,
  author =       "J. E. Bennett and J. C. Wakefield",
  title =        "Markov Chain {M}onte {C}arlo for Nonlinear
                 Hierarchical Models",
  institution =  "Statistics Section, Imperial College",
  year =         "1993",
  type =         "Technical Report",
  number =       "TR-93-11",
  address =      "London",
  month =        may,
}

@Manual{	  boec:shei:beal:1994,
  author	= {Alison J. Boeckmann and Lewis B. Sheiner and Stuart L.
		  Beal},
  title		= {NONMEM Users Guide: Part V},
  organization	= {NONMEM Project Group, University of California},
  address	= {San Francisco},
  month		= {November},
  year		= 1994
}

@Book{		  box:jenk:rein:1994,
  author	= {George E. P. Box and Gwilym M. Jenkins and Gregory C.
		  Reinsel},
  title		= {Time Series Analysis: Forecasting and Control},
  publisher	= {Holden-Day},
  year		= {1994},
  address	= {San Francisco},
  edition	= {3rd}
}

@Article{	  bril:1987,
  author	= {David Brillinger},
  title		= {Comment on a paper by {C.~R.~Rao}},
  journal	= {Statistical Science},
  year		= 1987,
  volume	= 2,
  pages		= {448--450}
}

@Book{bryk:raud:1992,
  author =	 {A. Bryk and Stephen Raudenbush},
  title = 	 {Hierarchical Linear Models for Social and Behavioral
                  Research},  
  publisher = 	 {Sage},
  year = 	 1992,
  address =	 {Newbury Park, CA}
}

@Book{carr:rupp:1988,
  author = 	 {Raymond J. Carroll and David Ruppert},
  title = 	 {Transformation and Weighting in Regression},
  publisher = 	 {Chapman \& Hall},
  year = 	 {1988},
  address = 	 {New York},
}

@Article{	  cham:1993,
  author	= {John M. Chambers},
  title		= {Classes and Methods in {S}. {II}: Future Directions},
  journal	= {Computational Statistics},
  year		= 1993,
  volume	= 8,
  number	= 3,
  pages		= {185--196}
}

@Book{		  cham:hast:1992,
  editor	= {John M. Chambers and Trevor J. Hastie},
  title		= {Statistical Models in S},
  publisher	= {Chapman \& Hall},
  year		= 1992,
  address	= {New York},
}

@Book{		  clev:1993,
  author	= {William S. Cleveland},
  title		= {Visualizing Data},
  publisher	= {Hobart Press},
  year		= 1994,
  address	= {Summit, NJ}
}

@InBook{	  clev:gros:shyu:1992,
  author	= {William S. Cleveland and Eric Grosse and William M. Shyu}, 
  title		= {Local regression models},
  chapter	= 8,
  pages		= {309--376},
  crossref	= {cham:hast:1992}
}

@Book{		  cox:hink:1974,
  author	= {D. R. Cox and D. V. Hinkley},
  title		= {Theoretical Statistics},
  publisher	= {Chapman \& Hall},
  year		= {1974},
  address	= {London},
}


@Article{cres:hawk:1980,
  author = 	 {Noel A. C. Cressie and D. M. Hawkins},
  title = 	 {Robust Estimation of the Variogram},
  journal = 	 {Journal of the International Association of
                  Mathematical Geology},
  year = 	 {1980},
  volume = 	 {12},
  pages = 	 {115--125},
}

@Book{		  cres:1993,
  author	= {Noel A. C. Cressie},
  title		= {Statistics for Spatial Data},
  publisher	= {Wiley},
  year		= 1993,
  address	= {New York}
}
		  
@Book{		  crow:hand:1990,
  author	= {Martin Crowder and David Hand},
  title		= {Analysis of Repeated Measures},
  publisher	= {Chapman \& Hall},
  address       = {London},
  year		= 1990
}

@Article{	  davi:gall:1992,
  author	= {Marie Davidian and A. Ronald Gallant},
  title		= {Smooth Nonparametric Maximum Likelihood Estimation for
		  Population Pharmacokinetics, with Application to
		  Quinidine},
  journal	= {Journal of Pharmacokinetics and Biopharmaceutics},
  year		= {1992},
  volume	= {20},
  pages		= {529--556}
}

@Book{		  davi:gilt:1995,
  author	= {Marie Davidian and David M. Giltinan},
  title		= {Nonlinear Models for Repeated Measurement Data},
  publisher	= {Chapman \& Hall},
  year		= 1995,
  address	= {London},
  isbn		= {0-412-98431-9}
}

@Book{davi:rabi:1984,
  publisher =    "Academic Press",
  address =      "New York",
  pages =        "612",
  author =       "Philip J. Davis and Philip Rabinowitz",
  title =        "Methods of Numerical Integration",
  edition =      "2nd",
  year =         "1984",
}

@Article{demp:lair:rubi:1977,
    Journal = JRSSB,
    Volume = 39,
    Pages = {1--22},
    Keywords = {Posterior mode},
    Author = {A. P. Dempster and N. M. Laird and D. B. Rubin},
    Title = {Maximum Likelihood From Incomplete Data Via the {EM} Algorithm},
    Year = 1977
}

@Book{		  devo:2000,
  author	= {Jay L. Devore},
  title		= {Probability and Statistics for Engineering and the
		  Sciences},
  publisher	= {Wadsworth},
  year		= 2000,
  address	= {Belmont, CA},
  edition	= {5th}
}

@Book{		  digg:lian:zege:1994,
  author	= {Peter J. Diggle and Kung-Yee Liang and Scott L. Zeger},
  title		= {Analysis of Longitudinal Data},
  publisher	= {Oxford University Press},
  year		= 1994,
  address	= {New York}
}

@Book{		  drap:smit:1981,
  author	= {Norman R. Draper and H. Smith},
  title		= {Applied Regression Analysis},
  publisher	= {Wiley},
  year		= 1981,
  address	= {New York},
  edition	= {2nd}
}

@Article{	  fei:gros:lofg:mora:chen:1990,
  author	= {Fei and Gross and Lofgren and Mora-Worms and Chen},
  title		= {Cyclic AMP response to recombinant human relaxin by
		  cultured endometrial cells -- a specific and high throughput
		  in-vitro bioassay},
  journal	= {Biochemical and Biophysical Research Communications},
  year		= 1990,
  volume	= 170,
  pages		= {214--222}
}

@Article{gall:nych:1987,
  author = 	 "A. R. Gallant and D. W. Nychka",
  title = 	 "Seminonparametric maximum likelihood estimation",
  journal =	 "Econometrica",
  year = 	 "1987",
  volume =	 55,
  pages =	 "363--390"
}

@Article{gema:gema:1984,
  author =       "S. Geman and D. Geman",
  year =         "1984",
  title =        "Stochastic Relaxation, {G}ibbs Distributions And The
                 {B}ayesian Restoration of Images",
  journal =      "{IEEE} Transactions on Pattern Analysis and Machine
                 Intelligence",
  volume =       "6",
  pages =        "721--741",
}

@Article{gewe:1989,
  author =       "J. Geweke",
  year =         "1989",
  title =        "Bayesian Inference in Econometric Models Using {M}onte
                 {C}arlo Integration",
  journal =      "Econometrica",
  pages =        "1317--1339",
  volume =       "57",
}

@Book{		  giba:perr:1982,
  author	= {M. Gibaldi and D. Perrier},
  title		= {Pharmacokinetics},
  publisher	= {Marcel Dekker},
  year		= 1982,
  address	= {New York},
}

@Book{		  gold:1987,
  author	= {Harvey Goldstein},
  title		= {Multilevel Models in Education and Social Research},
  publisher	= {Oxford University Press},
  year		= 1987,
  address	= {Oxford}
}

@Book{		  gold:1995,
  author	= {Harvey Goldstein},
  title		= {Multilevel Statistical Models},
  publisher	= {Halstead Press},
  year		= 1995,
  address	= {New York}
}

@Article{golu:wels:1969,
  journal =      "Mathematical Computing",
  volume =       "23",
  pages =        "221--230",
  author =       "G. H. Golub and J. H. Welsch",
  title =        "Calculation of {G}aussian Quadrature Rules",
  year =         "1969",
}

@Article{golu:1973,
  journal =      "SIAM Review",
  volume =       "15",
  pages =        "318--334",
  author =       "G. H. Golub",
  title =        "Some Modified Matrix Eigenvalue Problems",
  year =         "1973",
}

@Article{	  gras:donn:1985,
  author	= {Grasela and Donn},
  title		= {Neonatal population pharmacokinetics of phenobarbital
		  derived from routine clinical data},
  journal	= {Developmental Pharmacology and Therapeutics},
  year		= 1985,
  volume	= 8,
  pages		= {374-0383}
}

@InProceedings{	  hade:gran:1958,
  author	= {R. J. Hader and A. H. E. Grandage},
  title		= {Simple and multiple regression analysis},
  editor	= {Victor Chew},
  booktitle	= {Experimental Designs in Industry},
  year		= 1958,
  pages		= {108--137},
  address	= {New York},
  publisher	= {Wiley}
}

@Book{		  hand:crow:1996,
  author	= {David Hand and Martin Crowder},
  title		= {Practical Longitudinal Data Analysis},
  publisher	= {Chapman \& Hall},
  year		= 1996,
  address       = {London},
  series	= {Texts in Statistical Science},
  isbn		= {0-412-59940-6}
}

@Article{	  harv:1974,
  author	= {Harville, David A.},
  title		= {Bayesian Inference for Variance Components Using Only
		  Error Contrasts},
  journal	= {Biometrika},
  year		= 1974,
  volume	= 61,
  pages		= {383--385},
  keywords	= {Maximum likelihood}
}

@article{harv:1977,
    Author = {Harville, David A.},
    Title = {Maximum Likelihood Approaches to Variance Component Estimation
            and to Related Problems},
    Year = 1977,
    Journal = {Journal of the American Statistical Association},
    Volume = 72,
    Pages = {320--340},
    Keywords = {Restricted maximum likelihood; Mixed model; Minimum norm
               quadratic unbiased estimator [MINQUE]}
}

@Article{hast:1970,
  author =       "W. K. Hastings",
  year =         "1970",
  title =        "Monte {C}arlo Sampling Methods Using {M}arkov Chains
                 and Their Applications",
  journal =      "Biometrika",
  pages =        "97--109",
  volume =       "57",
}

@Book{		  hick:1993,
  author	= {C. R. Hicks},
  title		= {Fundamental Concepts in the Design of Experiments},
  publisher	= {Harcourt Brace \& Company},
  year		= 1993,
  edition       = {4th},
  address	= {New York}
}

@Book{		  jone:1993,
  author	= {Richard H. Jones},
  title		= {Longitudinal Data with Serial Correlation: A
                  State-space Approach}, 
  publisher	= {Chapman \& Hall},
  year		= {1993},
  address	= {London},
}

@Article{	  joyn:boor:1981,
  author	= {Joyner and Boore},
  title		= {Peak horizontal acceleration and velocity from
		  strong-motion records including records from the 1979
		  {I}mperial {V}alley, {C}alifornia, earthquake},
  journal	= {Bulletin of the Seismological Society of America},
  year		= 1981,
  volume	= 71,
  pages		= {2011--2038}
}

@Article{	  kung:1986,
  author	= {Fan H. Kung},
  title		= {Fitting Logistic Growth Curve With Predetermined Carrying
		  Capacity},
  journal	= asaprostcp,
  year		= {1986},
  pages		= {340--343}
}

@Article{	  kwan:brea:umbe:mcma:dugg:1976,
  author	= {K. C. Kwan and G. O. Breault and E. R. Umbenhauer
                  and F. G. McMahon and D. E. Duggan},
  title		= {Kinetics of Indomethicin absorption, elimination, and
		  enterohepatic circulation in man},
  journal	= {Journal of Pharmacokinetics and Biopharmaceutics},
  year		= 1976,
  volume	= 4,
  pages		= {255--280}
}

@Article{	  lair:ware:1982,
  author	= {Laird, Nan M. and Ware, James H.},
  title		= {Random-effects Models for Longitudinal Data},
  journal	= {Biometrics},
  year		= 1982,
  volume	= 38,
  pages		= {963--974},
  keywords	= {Variance components; Repeated measurements; Empirical
		  Bayes; EM algorithm}
}

@book{lehm:1986,
    Publisher = {Wiley},
    Author = {E. L. Lehmann},
    Title = {Testing Statistical Hypotheses},
    address = {New York},
    Year = 1986
}

@Article{leon:hsu:tsui:1989,
  author =       "T. Leonard and J. S. J. Hsu and K. W. Tsui",
  year =         "1989",
  title =        "Bayesian Marginal Inference",
  journal =      JASA,
  pages =        "1051--1058",
  volume =       "84",
}

@Article{	  lind:bate:1988,
  author	= {Mary J. Lindstrom and Douglas M. Bates},
  title		= {Newton--{R}aphson and {EM} Algorithms for Linear
		  Mixed-effects Models for Repeated-measures Data (Corr:
		  94V89 P1572)},
  journal	= {Journal of the American Statistical Association},
  year		= 1988,
  volume	= 83,
  pages		= {1014--1022},
  keywords	= {Growth curve; Longitudinal data}
}

@Book{litt:mill:stro:wolf:1996,
  author =	 {Ramon C. Littell and George A. Milliken and Walter
                  W. Stroup and Russell D. Wolfinger},
  title = 	 {SAS System for Mixed Models},
  publisher = 	 {SAS Institute Inc.},
  year = 	 1996,
  address =	 {Cary, NC}
}

@Article{	  lind:bate:1990,
  author	= {Mary J. Lindstrom and Douglas M. Bates},
  title		= {Nonlinear Mixed-Effects Models for Repeated Measures
		  Data},
  journal	= {Biometrics},
  year		= 1990,
  volume	= 46,
  pages		= {673--687},
  keywords	= {Variance component; Least squares; Maximum likelihood}
}

@InProceedings{	  lind:chak:vuag:1963,
  author	= {A. Linder and I. M. Chakravarti and P. Vuagnat},
  title		= {Fitting asymptotic regression curves with different
		  asymptotes},
  editor	= {C. R. Rao},
  booktitle	= {Contributions to Statistics},
  year		= 1964,
  pages		= {221--228},
  address	= {Oxford},
  publisher	= {Pergamon Press}
}

@Article{lind:smit:1972,
  author = 	 {D. Lindley and A.F.M. Smith},
  title = 	 {Bayes estimates for the linear model},
  journal = 	 JRSSB,
  year = 	 1972,
  volume =	 34,
  pages =	 {1--41}
}

@Book{		  long:1993,
  author	= {Longford, N. T.},
  title		= {Random Coefficient Models},
  publisher	= {Oxford University Press},
  address       = {New York},
  year		= 1993,
  pages		= 270
}

@Article{	  lu:meek:1993,
  author	= {Lu and Meeker},
  title		= {Using degradation measures to estimate a time-to-failure
		  distribution},
  journal	= {Technometrics},
  year		= 1993,
  volume	= 35,
  number	= 2,
  pages		= {161--174}
}

@Article{	  ludb:1994,
  author	= {J. Ludbrook},
  title		= {Repeated measurements and multiple comparisons in
		  cardiovascular research},
  journal	= {Cardiovascular Research},
  year		= 1994,
  volume	= 28,
  pages		= {303--311}
}

@Article{mall:1986,
  author =       "A. Mallet",
  title =        "A Maximum Likelihood Estimation Method for Random
                 Coefficient Regression Models",
  journal =      "Biometrika",
  volume =       "73",
  number =       "3",
  pages =        "645--656",
  keywords =     "PK",
  year =         "1986",
}

@Article{	  mall:ment:stei:loki:1988,
  author	= {A. Mallet and F. Mentre and J.-L. Steimer and F. Lokiek},
  title		= {Nonparametric maximum likelihood estimation for population
		  pharmacokinetics, with applications to {C}yclosporine },
  journal	= {Journal of  Pharmacokinetics and  Biopharmaceutics},
  year		= {1988},
  volume	= {16},
  pages		= {311--327}
}

@Book{           math:1962,
  author = 	 {G. Matheron},
  title = 	 {Traite de Geostatistique Appliquee},
  publisher = 	 {Editions Technip},
  year = 	 {1962},
  volume = 	 {I},
  number = 	 {14},
  series = 	 {Memoires du Bureau de Recherches Geologiques et
                  Minieres}, 
  address = 	 {Paris},
}

@Manual{	  math:1996,
  author	= {MathSoft},
  title		= {Version 3.4 for Unix Supplement},
  organization	= {Data Analysis Products, MathSoft Inc.},
  address	= {Seattle, WA},
  year		= 1996
}

@Article{	  mill:1977,
  author	= {John J.~Miller},
  title		= {Asymptotic Properties of Maximum Likelihood Estimates in
		  the Mixed Model of the Analysis of Variance},
  journal	= {The Annals of Statistics},
  year		= 1977,
  volume	= 5,
  pages		= {746--762},
  keywords	= {Consistency}
}

@Book{		  mill:john:1992,
  author	= {George A.~Milliken and Dallas E.~Johnson},
  title		= {Analysis of {M}essy {D}ata. {V}olume 1: {D}esigned
		  {E}xperiments},
  publisher	= {Chapman \& Hall},
  address       = {London},
  year		= 1992,
  pages		= 473
}

@Book{		  nash:walk:1987,
  author	= {John C. Nash and Mary Walker-Smith},
  title		= {Nonlinear Parameter Estimation: An Integrated System in
		  {BASIC}},
  publisher	= {Marcel Dekker},
  year		= 1987,
  address	= {New York}
}

@Article{	  neum:groe:1997,
  author	= {Arnold Newmaier and Eildert Groenveld},
  title		= {Restricted maximum likelihood estimation of covariances in
		  sparse linear models},
  journal	= {SIAM J. of Scientific and Statistical Computing},
  year		= 1997,
  volume	= 18
}

@article{patt:thom:1971,
    Author = {Patterson, H. D. and Thompson, R.},
    Title = {Recovery of Interblock Information When Block Sizes Are
            Unequal},
    Year = 1971,
    Journal = {Biometrika},
    Volume = 58,
    Pages = {545--554},
    Keywords = {Incomplete block design; Components of variance; Maximum
               likelihood; Design of experiments}
}

@PhDThesis{	  paul:1943,
  author	= {Pauline C. Paul},
  school	= {Iowa State College},
  year		= 1943
}

@Article{	  pier:gint:1987,
  author	= {R. A. Pierson and O. J. Ginther},
  title		= {Follicular population dynamics during the estrus cycle of
		  the mare},
  journal	= {Animal Reproduction Science},
  year		= 1987,
  volume	= 14,
  pages		= {219--231}
}

@PhDThesis{	  pinh:1994,
  author	= {Jos\'{e} C. Pinheiro},
  title		= {Topics in Mixed-Effects Models},
  school	= {University of Wisconsin},
  address       = {Madison, WI},
  year		= 1994
}

@Article{	  pinh:bate:1995,
  author	= {Jos\'{e} C. Pinheiro and Douglas M. Bates},
  title		= {Approximations to the Log-Likelihood Function in the
		  Nonlinear Mixed-Effects Model},
  journal	= {Journal of Computational and Graphical Statistics},
  year		= 1995,
  volume	= 4,
  number	= 1,
  pages		= {12--35}
}

@Article{	  pinh:bate:1996,
  author	= {Jos\'{e} C. Pinheiro and Douglas M. Bates},
  title		= {Unconstrained Parameterizations for Variance-Covariance
		  Matrices},
  journal	= {Statistics and Computing},
  year		= 1996,
  volume	= 6,
  pages		= {289--296}
}

@Article{	  pott:roy:1964,
  author	= {R. F. Potthoff and S. N. Roy},
  title		= {A generalized multivariate analysis of variance model
		  useful especially for growth curve problems},
  journal	= {Biometrika},
  year		= 1964,
  volume	= 51,
  pages		= {313--326}
}

@Article{	  potv:lech:tard:1990,
  author	= {Catherine Potvin and Martin J. Lechowicz and Serge
		  Tardif},
  title		= {The statistical analysis of ecophysiological response
		  curves obtained from experiments involving repeated
		  measures},
  journal	= {Ecology},
  year		= 1990,
  volume	= 71,
  pages		= {1389--1400}
}

@Article{	  prat:1955,
  author	= {Nilon H. Prater},
  title		= {Estimate gasoline yields from crudes},
  journal	= {Petroleum Refiner},
  year		= 1955,
  volume	= 35,
  number	= 5
}

@article{ramo:pant:1995,
         Author = {Ramos, Rogelio Q. and Pantula, Sastry G.},
         Title = {Estimation of Nonlinear Random Coefficient Models},
         Year = 1995,
         Journal = {Statistics \& Probability Letters},
         Volume = 24,
         Pages = {49--56},
         Keywords = {Generalized least squares}
     }

@Book{		  ratk:1990,
  author	= {David A. Ratkowsky},
  title		= {Handbook of Nonlinear Regression Models},
  publisher	= {Marcel Dekker},
  year		= 1990,
  address	= {New York}
}

@Book{		  ross:1990,
  author	= {Gavin J.S. Ross},
  title		= {Nonlinear Estimation},
  publisher	= {Springer-Verlag},
  year		= 1990,
  address	= {New York}
}

@Book{saka:ishi:kita:1986,
  publisher =    "Reidel",
  address =      "Dordrecht, Holland",
  pages =        "290",
  keywords =     "information criterion statistics",
  author =       "Y. Sakamoto and M. Ishiguro and G. Kitagawa",
  title =        "Akaike Information Criterion Statistics",
  year =         "1986",
}

		  
@Article{schw:1978,
  author = 	 {Schwarz, G.},
  title = 	 {Estimating the Dimension of a Model},
  journal = 	 {Annals of Statistics},
  year = 	 {1978},
  volume = 	 {6},
  pages = 	 {461--464},
}

@Book{		  sear:case:mccu:1992,
  author	= {Shayle R. Searle and George Casella and Charles
                  E. McCulloch},
  title		= {Variance Components},
  publisher	= {Wiley},
  address       = {New York},
  year		= 1992,
  keywords	= {Random effects model; Maximum likelihood; Restricted
		  maximum likelihood; Prediction},
  pages		= 501
}

@Book{		  sebe:wild:1989,
  author	= {G. A. F. Seber and C. J. Wild},
  title		= {Nonlinear Regression},
  publisher	= {Wiley},
  year		= 1989,
  address	= {New York}
}

@Article{self:lian:1987,
  author = 	 {S. G. Self and K. Y. Liang},
  title = 	 {Asymptotic properties of maximum likelihood
                  estimators and likelihood ratio tests under
                  nonstandard conditions},
  journal = 	 {Journal of the American Statistical Association},
  year = 	 1987,
  volume =	 82,
  pages =	 {605--610}
}

@Article{	  shei:beal:1980,
  author	= {Lewis B. Sheiner and Stuart L. Beal},
  title		= {Evaluation of Methods for Estimating Population
		  Pharmacokinetic Parameters. {I}. {M}ichaelis--{M}enten Model:
		  Routine Clinical Pharmacokinetic Data},
  journal	= {Journal of Pharmacokinetics and Biopharmaceutics},
  year		= {1980},
  volume	= {8},
  number	= {6},
  pages		= {553--571}
}

@Article{	  soo:bate:1992,
  author	= {Yuh-Wen Soo and Douglas M. Bates},
  title		= {Loosely Coupled Nonlinear Least Squares},
  journal	= {Computational Statistics and Data Analysis},
  year		= 1992,
  volume	= 14,
  pages		= {249--259}
}

@Book{sned:coch:1980,
  publisher =    "Iowa State University Press",
  address =      "Ames, IA",
  author =       "George W. Snedecor and William G. Cochran",
  title =        "Statistical Methods",
  edition =      "7th",
  year =         "1980",
}


@Article{stra:lee:1994,
  author = 	 {Daniel O. Stram and Jae Won Lee},
  title = 	 {Variance components testing in the longitudinal
                  mixed-effects models},
  journal = 	 {Biometrics},
  year = 	 1994,
  volume =	 50,
  pages =	 {1171--1177}
}

@Article{stro:baen:1994,
  author = 	 {Walter W. Stroup and P. S. Baenziger},
  title = 	 {Removing spatial variation from wheat yield trials:
                  a comparison of methods},
  journal = 	 {Crop Science},
  year = 	 1994,
  volume =	 34,
  pages =	 {62--66}
}

@book{this:1988,
    Author = {Thisted, R. A.},
    Title = {Elements of Statistical Computing},
    Year = 1988,
    Publisher = {Chapman \& Hall},
    address = {London}
}

@Book{		  vena:ripl:1997,
  author	= {William N. Venables and Brian D. Ripley},
  title		= {Modern Applied Statistics with {S-PLUS}},
  publisher	= {Springer-Verlag},
  year		= 1997,
  edition	= "2nd",
  address	= {New York},
  isbn		= {0-387-98214-0}
}

@Book{		  vena:ripl:1999,
  author	= {William N. Venables and Brian D. Ripley},
  title		= {Modern Applied Statistics with {S-PLUS}},
  publisher	= {Springer-Verlag},
  year		= 1999,
  edition	= "3rd",
  address	= {New York},
  isbn		= {0-387-98825-4}
}

@Unpublished{	  vena:ripl:1996,
  author	= {W. N. Venables and B. D. Ripley},
  title		= {Complements to {Modern Applied Statistics with S-Plus}},
  year		= 1996,
  month		= Aug,
  note		= {Supplement to the current edition of MASS covering new
		  features},
  url		= {http://www.stats.ox.ac.uk/pub/MASS/Compl.ps.gz}
}

@Article{	  verm:ludd:celm:harr:1992,
  author	= {C. N. Verme and T. M. Ludden and W. A. Clementi and
                  S. C. Harris},
  title		= {Pharmacokinetics of quinidine in male patients: A
		  population analysis},
  journal	= {Clinical Pharmacokinetics},
  year		= 1992,
  volume	= 22,
  pages		= {468-480}
}

@Article{	  vone:cart:1992,
  author	= {E. F. Vonesh and R. L. Carter},
  title		= {Mixed-Effects Nonlinear Regression for Unbalanced Repeated
		  Measures},
  journal	= {Biometrics},
  year		= {1992},
  volume	= {48},
  pages		= {1--18}
}

@Book{		  vone:chin:1997,
  author	= {Edward F. Vonesh and Vernon M. Chinchilli},
  title		= {Linear and Nonlinear Models for the Analysis of
                  Repeated Measures},
  publisher	= {Marcel Dekker},
  year		= 1997,
  address	= {New York},
  isbn		= {0-8247-8248-8}
}

@article{wake:1996,
         Author = {Wakefield, Jon},
         Title = {The {B}ayesian Analysis of Population Pharmacokinetic Models},
         Year = 1996,
         Journal = {Journal of the American Statistical Association},
         Volume = 91,
         Pages = {62--75},
         Keywords = {[Applications and Case Studies]; Metropolis algorithm;
                    Hierarchical model; [Pharmacokinetic models]; [Covariate
                    selection]}
     }

@Article{	  wake:smit:raci:gelf:1994,
  author	= {J. C. Wakefield and A. F. M. Smith and A. Racine-Poon and
		  A. E. Gelfand},
  title		= {Bayesian Analysis of Linear and Nonlinear Population
		  Models Using the {G}ibbs Sampler},
  journal	= {Applied Statistics},
  year		= 1994,
  volume        = "43",
  pages         = "201--221",
}

@Article{	  wilk:roge:1973,
  author	= {G. N. Wilkinson and C. E. Rogers},
  title		= {Symbolic Description of Factorial Models for Analysis of
		  Variance},
  journal	= {Applied Statistics},
  year		= 1973,
  volume	= 22,
  pages		= {392--399},
  keywords	= {Design of experiments}
}

@PhdThesis{wolf:1986,
  school =       "University of Wisconsin--Madison",
  author =       "Dennis A. Wolf",
  title =        "Nonlinear Least Squares for Linear Compartment
                 Models",
  year =         "1986",
}

@Article{wolf:1993,
  author =       "Russell D. Wolfinger",
  title =        "Laplace's Approximation for Nonlinear Mixed Models",
  journal =      "Biometrika",
  year =         "1993",
  volume =       "80",
  pages =        "791--795",
}

@Article{wolf:tobi:1998,
  author =       "Russell D. Wolfinger and Randall D. Tobias",
  title =        "Joint Estimation of Location, Dispersion, and Random
                  Effects in Robust Design",
  journal =      "Technometrics",
  year =         "1998",
  volume =       "40",
  pages =        "62--71",
}

@Article{	  yate:1935,
  author	= {F. Yates},
  title		= {Complex Experiments},
  journal	= {Journal of the Royal Statistical Society (Supplement)},
  year		= 1935,
  volume	= 2,
  pages		= {181--247},
  keywords	= {Design of experiments}
}

