@Manual{SAS:1985:iml,
  organization = "SAS Institute Inc.",
  publisher =    "SAS Institute Inc.",
  address =      "Cary, NC",
  title =        "{SAS}/{IML}$^{\rm TM}$ User's Guide",
  edition =      "Version 5",
  year =         "1985",
}

@Manual{SAS:1985:stat,
  organization = "SAS Institute Inc.",
  publisher =    "SAS Institute Inc.",
  address =      "Cary, NC",
  title =        "{SAS} User's Guide: Statistics",
  edition =      "Version 5",
  year =         "1985",
}

@MastersThesis{abdo:1986,
  school =       "Queen's University at Kingston",
  author =       "Shirin Abdollah",
  title =        "The Effect of {D}oxorubicin on the Specific Binding of
                 [$^3${H}] {N}itrendipine to Rat Heart Microsomes",
  year =         "1986",
}

@Article{arms:watt:hami:chio:park:1979,
  journal =      "Circulation",
  volume =       "60",
  number =       "4",
  pages =        "856--865",
  author =       "P. W. Armstrong and D. G. Watts and D. C. Hamilton and
                 M. A. Chiong and J. O. Parker",
  title =        "Quantification of myocardial infarction: {T}emplate
                 model for serial creatine kinase analysis",
  year =         "1979",
}

@PhdThesis{baco:1965,
  school =       "University of Wisconsin--Madison",
  author =       "David W. Bacon",
  title =        "Seasonal Time Series",
  year =         "1965",
}

@Article{baco:1970,
  journal =      "Ind. Eng. Chem.",
  volume =       "62",
  number =       "7",
  pages =        "27--34",
  author =       "D. W. Bacon",
  title =        "Making the most of a one-shot experiment",
  year =         "1970",
}

@Article{bart:stew:1972,
  journal =      "Communications of the Assoc. for Computing Machinery",
  volume =       "15",
  number =       "9",
  pages =        "820--826",
  author =       "R. H. Bartels and G. W. Stewart",
  title =        "Algorithm 432, the solution of the matrix equation
                 ${AX}-{XB}={C}$",
  year =         "1972",
}

@PhdThesis{bate:1978,
  school =       "Queen's University at Kingston",
  author =       "Douglas M. Bates",
  title =        "Curvature Measures of Nonlinearity",
  year =         "1978",
}

@Article{bave:stew:1979,
  journal =      "SIAM Journal of Numerical Analysis",
  volume =       "16",
  number =       "2",
  pages =        "359--367",
  author =       "Connice A. Bavely and G. W. Stewart",
  title =        "An algorithm for computing reducing subspaces by block
                 diagonalization",
  year =         "1979",
}

@Manual{beal:shei:1984,
  organization = "U. of California",
  address =      "San Francisco",
  author =       "Stuart Beal and Lewis Sheiner",
  title =        "{NONMEM} Users' Guide",
  year =         "1984",
}

@Book{beck:cham:wilk:1988,
  publisher =    "Wadsworth",
  address =      "Belmont, CA",
  author =       "Richard A. Becker and John M. Chambers and Allan R.
                 Wilks",
  title =        "The New {S} Language: {A} Programming Environment For
                 Data Analysis and Graphics",
  year =         "1988",
}

@TechReport{beck:clev:wilk:1986,
  institution =  "AT\&T Bell Laboratories, Murray Hill, NJ",
  type =         "Statistics Research Report",
  number =       "32",
  author =       "Richard A. Becker and William S. Cleveland and Allan
                 R. Wilks",
  title =        "High-interaction graphics for data analysis",
  year =         "1986",
}

@Article{behn:1964,
  journal =      "J. of Polymer Sci. A",
  volume =       "2",
  pages =        "645--668",
  author =       "D. W. Behnken",
  title =        "Estimation of copolymer reactivity ratios: an example
                 of nonlinear estimation",
  year =         "1964",
}

@Article{boag:baco:down:1975,
  journal =      "J. Catalysis",
  volume =       "38",
  pages =        "375--384",
  author =       "I. F. Boag and D. W. Bacon and J. Downie",
  title =        "Analysis of the reaction network for the
                 vanadium-catalyzed oxidation of ortho-xylene",
  year =         "1975",
}

@Article{boag:baco:down:1976,
  journal =      "Canad. J. Chem. Eng.",
  volume =       "54",
  pages =        "107--100",
  author =       "I. F. Boag and D. W. Bacon and J. Downie",
  title =        "The analysis of data from recirculation reactors",
  year =         "1976",
}

@Article{boag:baco:down:1978,
  journal =      "Canad. J. Chem. Eng.",
  volume =       "56",
  pages =        "389--395",
  author =       "I. F. Boag and D. W. Bacon and J. Downie",
  title =        "Using a statistical multiresponse method of
                 experimental design in a reaction network study",
  year =         "1978",
}

@Article{box:1960,
  journal =      "Annals of the New York Academy of Sciences",
  volume =       "86",
  pages =        "792--816",
  author =       "G. E. P. Box",
  title =        "Fitting empirical data",
  year =         "1960",
}

@InCollection{box:1968:future,
  publisher =    "Academic Press",
  address =      "New York",
  booktitle =    "The Future of Statistics",
  author =       "M. J. Box",
  editor =       "Donald G. Watts",
  title =        "The use of designed experiments in nonlinear model
                 building",
  year =         "1968",
}

@Article{box:1971:biok,
  journal =      BIOKA,
  volume =       "58",
  pages =        "149--153",
  author =       "M. J. Box",
  title =        "An experimental design criterion for precise parameter
                 estimation of a subset of the parameters in a nonlinear
                 model",
  year =         "1971",
}

@Article{box:1971:jrss,
  journal =      JRSSB,
  volume =       "33",
  pages =        "171--201",
  author =       "M. J. Box",
  title =        "Bias in nonlinear estimation (with discussion)",
  year =         "1971",
}

@Article{box:1971:tech,
  journal =      "Technometrics",
  volume =       "13",
  number =       "1",
  pages =        "19--31",
  author =       "M. J. Box",
  title =        "Simplified experimental design",
  year =         "1971",
}

@InCollection{box:1979,
  publisher =    "Academic Press",
  address =      "New York",
  editor =       "R. L. Launer and G. H. Wilkinson",
  booktitle =    "Robustness in Statistics",
  author =       "G. E. P. Box",
  title =        "Robustness in the strategy of scientific model
                 building",
  year =         "1979",
}

@Article{box:cout:1956,
  journal =      "Proc. IEEE",
  volume =       "103B",
  number =       "Supplement no. 1",
  pages =        "100--107",
  author =       "G. E. P. Box and G. A. Coutie",
  title =        "Applications of Digital Computers in the Exploration
                 of Functional Relationships",
  year =         "1956",
}

@Article{box:cox:1964,
  journal =      JRSSB,
  volume =       "26",
  pages =        "211--252",
  author =       "George E. P. Box and David R. Cox",
  title =        "An analysis of transformations",
  year =         "1964",
}

@Article{box:drap:1971,
  journal =      "Technometrics",
  volume =       "13",
  pages =        "731--742",
  author =       "M. J. Box and N. R. Draper",
  title =        "Factorial designs, the |{X}'{X}| criterion, and some
                 related matters",
  year =         "1971",
}

@InProceedings{box:hunt:1965,
  pages =        "113--137",
  booktitle =    "IBM Scientific Computer Symposium in Statistics",
  author =       "G. E. P. Box and W. G. Hunter",
  title =        "Sequential design of experiments for nonlinear
                 models",
  year =         "1965",
}

@Book{box:jenk:1976,
  publisher =    "Holden-Day",
  address =      "San Francisco",
  author =       "George E. P. Box and Gwilym M. Jenkins",
  title =        "Time Series Analysis: Forecasting and Control (revised
                 edition)",
  year =         "1976",
}

@InCollection{box:meye:1987,
  editor =       "Colin L. Mallows",
  booktitle =    "Design, Data, and Analysis",
  publisher =    "Wiley",
  address =      "New York",
  author =       "George E. P. Box and R. Daniel Meyer",
  title =        "Analysis of Unreplicated Factorials Allowing for
                 Possibly Faulty Observations",
  year =         "1987",
}

@Article{brau:roth:1975,
  journal =      "Fuel",
  volume =       "54",
  pages =        "129--131",
  author =       "R. L. Braun and A. J. Rothman",
  title =        "Oil-shale pyrolysis: kinetics and mechanism of oil
                 production",
  year =         "1975",
}

@InCollection{brem:1982,
  publisher =    "Physica-Verlag",
  address =      "Vienna",
  booktitle =    "COMPSTAT '82",
  author =       "J. M. Bremner",
  editor =       "H. Caussinus and P. Ettinger and R. Tomassone",
  title =        "An algorithm for nonnegative least squares and
                 projection into cones",
  year =         "1982",
}

@TechReport{broe:watt:1972,
  institution =  "Queen's University",
  address =      "Kingston, Ont.",
  type =         "Mathematical Preprint",
  number =       "1972-26",
  author =       "Louis H. Broekhoven and Donald G. Watts",
  title =        "Improved convergence using partitioned least squares
                 ({PLEAS})",
  year =         "1972",
}

@Article{cara:stew:1985,
  journal =      "Computers and Chemical Engineering",
  volume =       "9",
  number =       "4",
  pages =        "359--365",
  author =       "M. Caracotsios and W. E. Stewart",
  title =        "Sensitivity analysis of initial value problems with
                 mixed {ODE}'s and algebraic equations",
  year =         "1985",
}

@Article{carr:1960,
  journal =      "Industrial and Engineering Chemistry",
  volume =       "52",
  pages =        "391--396",
  author =       "N. L. Carr",
  title =        "Kinetics of catalytic isomerization of n-pentane",
  year =         "1960",
}

@Article{chen:surm:1974,
  journal =      "J. Math. Anal. Appl.",
  volume =       "46",
  pages =        "275--288",
  author =       "Y. M. Chen and J. Surmont",
  title =        "Iterative algorithms for constructing approximate
                 solutions of nonlinear problems from erroneous
                 inadequate data",
  year =         "1974",
}

@Article{clev:1987,
  journal =      JASA,
  volume =       "82",
  number =       "398",
  pages =        "419--423",
  author =       "William S. Cleveland",
  title =        "Research in statistical graphics",
  year =         "1987",
}

@Article{coch:1973,
  journal =      JASA,
  volume =       "68",
  pages =        "771--778",
  author =       "W. G. Cochran",
  title =        "Experiments for nonlinear functions",
  year =         "1973",
}

@Book{coch:cox:1957,
  publisher =    "Wiley",
  address =      "New York",
  author =       "W. G. Cochran and G. M. Cox",
  title =        "Experimental Designs",
  year =         "1957",
}

@Article{cole:cole:1941,
  journal =      "Journal of Physical Chemistry",
  volume =       "9",
  pages =        "341--351",
  author =       "K. S. Cole and R. H. Cole",
  title =        "Dispersion and absorption in dielectrics {I}:
                 Alternating current characteristics",
  year =         "1941",
}

@Article{cook:witm:1985,
  journal =      JASA,
  volume =       "80",
  number =       "392",
  pages =        "872--878",
  author =       "R. Dennis Cook and Jeffrey A. Witmer",
  title =        "A note on parameter-effects curvature",
  year =         "1985",
}

@InCollection{demp:lair:rubi:1980,
  publisher =    "North Holland",
  booktitle =    "Multivariate Analysis-V",
  author =       "A. P. Dempster and N. M. Laird and D. B. Rubin",
  editor =       "P. R. Krishnaiah",
  title =        "Iteratively reweighted least squares for least
                 regression when errors are normal/independent
                 distributed",
  year =         "1980",
}

@Article{drap:kane:meza:1969,
  journal =      "Ind. Eng. Chem. Fundamentals",
  volume =       "8",
  pages =        "423--427",
  author =       "N. R. Draper and H. Kanemasu and R. Mezaki",
  title =        "Estimating rate constants",
  year =         "1969",
}

@Manual{edle:jone:1986,
  organization = "Aptech Systems Inc.",
  address =      "P. O. Box 6487, Kent, WA 98064",
  author =       "Lee E. Edlefsen and Samuel D. Jones",
  title =        "{GAUSS}$^{\rm TM}$ Programming Language Manual",
  year =         "1986",
}

@Misc{elli:peir:1986,
  author =       "J. R. Elliott and D. R. Peirson",
  howpublished = "Personal communication",
  year =         "1986",
}

@Article{fish:1922,
  journal =      "Philosophical Trans. of the Royal Soc. of London, Ser.
                 A",
  volume =       "222",
  pages =        "309--328",
  author =       "R. A. Fisher",
  title =        "On the mathematical foundations of theoretical
                 statistics",
  year =         "1922",
}

@Article{fish:1939,
  journal =      "Ann. Eugenics",
  volume =       "9",
  pages =        "238--249",
  author =       "R. A. Fisher",
  title =        "The sampling distribution of some statistics obtained
                 from nonlinear equations",
  year =         "1939",
}

@Article{fish:mack:1923,
  journal =      "J. of Agricultural Sci.",
  volume =       "13",
  pages =        "311--320",
  author =       "R. A. Fisher and W. A. Mackenzie",
  title =        "The manurial response of different potato varieties",
  year =         "1923",
}

@Article{from:meza:1970,
  journal =      "Chem. Eng. Sci.",
  volume =       "25",
  pages =        "293--301",
  author =       "G. F. Froment and R. Mezaki",
  title =        "Sequential discrimination and estimation procedures
                 for rate modeling in heterogeneous catalysis",
  year =         "1970",
}

@Article{fugu:hawk:1945,
  journal =      "J. Amer. Chem. Soc.",
  volume =       "67",
  pages =        "242--245",
  author =       "R. E. Fuguitt and J. E. Hawkins",
  title =        "The liquid-phase thermal isomerization of
                 $\alpha$-pinene",
  year =         "1945",
}

@Article{fugu:hawk:1947,
  journal =      "J. Amer. Chem. Soc.",
  volume =       "69",
  pages =        "319--322",
  author =       "R. E. Fuguitt and J. E. Hawkins",
  title =        "Rate of the thermal isomerization of $\alpha$-pinene
                 in the liquid phase",
  year =         "1947",
}

@Article{gall:holl:1980,
  journal =      "Econometrica",
  volume =       "48",
  pages =        "697--720",
  author =       "A. R. Gallant and A. Holly",
  title =        "Statistical inference in an implicit, nonlinear,
                 simultaneous equation model in the context of maximum
                 likelihood estimation",
  year =         "1980",
}

@Article{golu:kaha:1965,
  journal =      "SIAM J. Numer. Anal. B",
  volume =       "2",
  pages =        "205--224",
  author =       "G. H. Golub and W. Kahan",
  title =        "Calculating the singular values and pseudo-inverses of
                 a matrix",
  year =         "1965",
}

@Article{golu:pere:1973,
  journal =      "J. SIAM",
  volume =       "10",
  pages =        "413--432",
  author =       "G. H. Golub and V. Pereyra",
  title =        "The differentiation of pseudo-inverses and nonlinear
                 least squares problems whose variables separate",
  year =         "1973",
}

@Article{golu:stya:1973,
  journal =      "J. Statist. Comput. Simul.",
  volume =       "2",
  pages =        "253--274",
  author =       "G. H. Golub and G. P. H. Styan",
  title =        "Numerical computations for univariate linear models",
  year =         "1973",
}

@Article{golu:vanl:1980,
  journal =      "SIAM J. Numer. Anal.",
  volume =       "17",
  pages =        "883--893",
  author =       "G. H. Golub and C. F. Van Loan",
  title =        "An analysis of the total least squares problem",
  year =         "1980",
}

@Article{grah:stev:1972,
  journal =      "Ind. Eng. Chem. Process Design Development",
  volume =       "11",
  pages =        "160--164",
  author =       "R. J. Graham and F. D. Stevenson",
  title =        "Kinetics of chlorination of niobium oxychloride by
                 phosgene in a tube flow reactor. Application of
                 sequential experimental design",
  year =         "1972",
}

@Article{gree:1984,
  journal =      JRSSB,
  volume =       "46",
  number =       "2",
  pages =        "149--170",
  note =         "Discussion 171-192",
  author =       "P. J. Green",
  title =        "Iteratively reweighted least squares for maximum
                 likelihood estimation, and some robust and resistant
                 alternatives",
  year =         "1984",
}

@InCollection{greg:1956,
  publisher =    "Butterworth",
  booktitle =    "The Growth of Leaves",
  editor =       "F. L. Milthorpe",
  address =      "London",
  author =       "F. G. Gregory",
  title =        "General aspects of leaf growth",
  year =         "1956",
}

@PhdThesis{hami:1980,
  school =       "Queen's University at Kingston",
  author =       "D. C. Hamilton",
  title =        "Experimental Design for Nonlinear Regression Models",
  year =         "1980",
}

@Article{hann:evan:schw:1986,
  journal =      "BIT",
  volume =       "26",
  pages =        "217--232",
  author =       "Martin S. Hanna and David G. Evans and Peter N.
                 Schweitzer",
  title =        "On the approximation of plane curves by parametric
                 cubic splines",
  year =         "1986",
}

@Article{havr:nega:1967,
  journal =      "Polymer",
  volume =       "8",
  pages =        "161--205",
  author =       "Stephen {Havriliak, Jr.} and S. Negami",
  title =        "A complex plane representation of dielectric and
                 mechanical relaxation processes in some polymers",
  year =         "1967",
}

@InCollection{havr:watt:1987,
  keywords =     "Experimental design",
  editor =       "Colin L. Mallows",
  booktitle =    "Design, Data, and Analysis",
  publisher =    "Wiley",
  address =      "New York",
  author =       "Stephen {Havriliak, Jr.} and Donald G. Watts",
  title =        "Estimating dielectric constants: a complex
                 multiresponse problem",
  year =         "1987",
}

@InCollection{heye:brow:1956,
  publisher =    "Butterworth",
  booktitle =    "The Growth of Leaves",
  editor =       "F. L. Milthorpe",
  address =      "London",
  author =       "J. K. Heyes and R. Brown",
  title =        "Growth and cellular differentiation",
  year =         "1956",
}

@InCollection{himm:1972,
  publisher =    "Academic Press",
  address =      "London",
  booktitle =    "Numerical Methods for Nonlinear Optimization",
  author =       "D. M. Himmelblau",
  editor =       "F. A. Lootsma",
  title =        "A uniform evaluation of unconstrained optimization
                 techniques",
  year =         "1972",
}

@Article{hoff:reil:1979,
  journal =      "Canad. J. Chem. Eng.",
  volume =       "57",
  pages =        "367--374",
  author =       "T. Hoffman and P. M. Reilly",
  title =        "Transferring information from one experiment to
                 another",
  year =         "1979",
}

@Book{houg:wats:1947,
  publisher =    "Wiley",
  address =      "New York",
  author =       "O. A. Hougen and K. M. Watson",
  title =        "Chemical Reaction Principles",
  year =         "1947",
}

@Article{hous:1958,
  journal =      "Journal of the Association for Computing Machinery",
  volume =       "5",
  pages =        "339--342",
  author =       "A. S. Householder",
  title =        "Unitary triangularization of a nonsymmetric matrix",
  year =         "1958",
}

@Article{hsia:reil:1971,
  journal =      "Canad. J. Chem. Eng.",
  volume =       "49",
  pages =        "865--871",
  author =       "T. Hsiang and P. M. Reilly",
  title =        "A practical method of discriminating among mechanistic
                 models",
  year =         "1971",
}

@TechReport{hubb:robi:1950,
  institution =  "U.S. Bureau of Mines",
  number =       "4744",
  author =       "A. B. Hubbard and W. E. Robinson",
  title =        "A thermal decomposition study of colorado oil shale",
  year =         "1950",
}

@Article{hunt:1967,
  journal =      "Ind. and Eng. Chem. Fundamentals",
  volume =       "8",
  pages =        "423--427",
  author =       "W. G. Hunter",
  title =        "Estimation of unknown constants from multi-response
                 data",
  year =         "1967",
}

@Article{hunt:atki:1966,
  journal =      "Chem. Eng.",
  volume =       "73",
  pages =        "159--164",
  author =       "W. G. Hunter and A. C. Atkinson",
  title =        "Statistical designs for pilot plant and laboratory
                 experiments",
  year =         "1966",
}

@Article{hunt:hill:hens:1969,
  journal =      "Canad. J. Chem. Eng.",
  volume =       "47",
  pages =        "76--80",
  author =       "W. G. Hunter and W. J. Hill and T. L. Henson",
  title =        "Designing experiments for precise estimation of all or
                 some of the constants in a mechanistic model",
  year =         "1969",
}

@Article{hunt:kitt:meza:1967,
  journal =      "Trans. Inst. Chem. Eng.",
  volume =       "45",
  pages =        "T146--T152",
  author =       "W. G. Hunter and J. R. Kittrell and R. Mezaki",
  title =        "Experimental strategies for mechanistic models",
  year =         "1967",
}

@Article{hunt:meza:1964,
  journal =      "Amer. Inst. Chem. Eng. J.",
  volume =       "10",
  pages =        "315--322",
  author =       "W. G. Hunter and R. Mezaki",
  title =        "A model building technique for Chemical Engineering
                 kinetics",
  year =         "1964",
}

@TechReport{hutc:1984,
  institution =  "CSIRO Division of Mathematics and Statistics",
  number =       "ACT84/6",
  author =       "M. F. Hutchinson",
  title =        "A summary of some surface fitting and contouring
                 programs for noisy data",
  year =         "1984",
}

@PhdThesis{jawo:1986,
  school =       "University of Wisconsin--Madison",
  author =       "Andrzej P. Jaworski",
  title =        "Methods for the Errors--in--Variables Problem with
                 Applications",
  year =         "1986",
}

@Article{jenn:brig:1976,
  journal =      "Technometrics",
  volume =       "18",
  number =       "4",
  pages =        "385--392",
  note =         "Discussion 393-399",
  author =       "R. I. Jennrich and P. B. Bright",
  title =        "Fitting Systems of Linear Differential Equations Using
                 Computer Generated Exact Derivatives",
  year =         "1976",
}

@Article{john:stan:meza:1968,
  journal =      "Ind. Eng. Chem. Fundamentals",
  volume =       "7",
  pages =        "181",
  author =       "R. A. Johnson and N. A. Standal and R. Mezaki",
  title =        "Weighted linear plots for discrimination of nonlinear
                 rate models",
  year =         "1968",
}

@Article{jupp:1978,
  journal =      "SIAM Journal of Numerical Analysis",
  volume =       "15",
  number =       "2",
  pages =        "328--343",
  author =       "David L. B. Jupp",
  title =        "Approximation to Data by Splines with Free Knots",
  year =         "1978",
}

@Article{jupp:golu:wilk:1976,
  journal =      "SIAMREV",
  volume =       "18",
  number =       "2",
  pages =        "578--619",
  author =       "David L. B. Jupp and G. H. Golub and J. H. Wilkinson",
  title =        "Ill-conditioned eigensystems and the computation of
                 the Jordan canonical form",
  year =         "1976",
}

@PhdThesis{juus:1971,
  school =       "Queen's University at Kingston",
  author =       "J. A. Juusola",
  title =        "A Kinetic Mechanism for the Vapor-phase Oxidation of
                 o-xylene over a Vanadium Oxide Catalyst",
  year =         "1971",
}

@Article{juus:baco:down:1972,
  journal =      "Canad. J. Chem. Eng.",
  volume =       "50",
  pages =        "796--801",
  author =       "J. A. Juusola and D. W. Bacon and J. Downie",
  title =        "Sequential statistical design stategy in an
                 experimental kinetic study",
  year =         "1972",
}

@PhdThesis{kane:1972,
  school =       "University of Wisconsin--Madison",
  author =       "H. Kanemasu",
  title =        "Topics in Model Building",
  year =         "1972",
}

@Article{kapl:wein:abru:lewi:1972,
  journal =      "Journal of Pharmaceutical Sciences",
  volume =       "61",
  pages =        "773--778",
  author =       "Stanley A. Kaplan and Robert E. Weinfeld and Charles
                 W. Abruzzo and Margaret Lewis",
  title =        "Pharmacokinetic profile of sulfisoxazole following
                 intravenous, intramuscular, and oral administration to
                 man",
  year =         "1972",
}

@Article{kauf:1975,
  journal =      "BIT",
  volume =       "15",
  pages =        "49--57",
  author =       "Linda Kaufman",
  title =        "A variable projection method for solving separable
                 nonlinear least squares problems",
  year =         "1975",
}

@TechReport{khat:shah:1979,
  institution =  "University of Waterloo",
  number =       "STAT-79-04",
  author =       "C. G. Khatri and K. R. Shah",
  title =        "Estimation in non-linear growth curves",
  year =         "1979",
}

@Article{kitt:1970,
  journal =      "Advances in Chem. Eng.",
  volume =       "8",
  pages =        "97--183",
  author =       "J. R. Kittrell",
  title =        "Mathematical modelling of chemical reactions",
  year =         "1970",
}

@Article{kitt:hunt:meza:1966,
  journal =      "Amer. Inst. Chem. Eng. J.",
  volume =       "12",
  number =       "5",
  pages =        "1014--1017",
  author =       "J. R. Kittrell and W. G. Hunter and R. Mezaki",
  title =        "The use of diagnostic parameters for kinetic model
                 building",
  year =         "1966",
}

@Article{kitt:hunt:wats:1965,
  journal =      "Amer. Inst. Chem. Eng. J.",
  volume =       "11",
  pages =        "1051--1057",
  author =       "J. R. Kittrell and W. G. Hunter and C. C. Watson",
  title =        "Nonlinear least squares analysis of catalytic rate
                 models",
  year =         "1965",
}

@Article{kitt:hunt:wats:1966,
  journal =      "Amer. Inst. Chem. Eng. J.",
  volume =       "12",
  pages =        "5--10",
  author =       "J. R. Kittrell and W. G. Hunter and C. C. Watson",
  title =        "Obtaining precise parameter estimates for nonlinear
                 catalytic rates",
  year =         "1966",
}

@Article{kitt:meza:1967,
  journal =      "Ind. Eng. Chem.",
  volume =       "59",
  number =       "2",
  pages =        "28--40",
  author =       "J. R. Kittrell and R. Mezaki",
  title =        "Reaction rate modelling in heterogeneous catalysis",
  year =         "1967",
}

@Article{kitt:meza:wats:1965,
  journal =      "Ind. Eng. Chem.",
  volume =       "57",
  number =       "12",
  pages =        "18--27",
  author =       "J. R. Kittrell and R. Mezaki and C. C. Watson",
  title =        "Estimation of parameters for nonlinear least squares
                 analysis",
  year =         "1965",
}

@Article{kitt:meza:wats:1966,
  journal =      "Ind. Eng. Chem.",
  volume =       "58",
  number =       "5",
  pages =        "50--59",
  author =       "J. R. Kittrell and R. Mezaki and C. C. Watson",
  title =        "Precise determination of reaction orders",
  year =         "1966",
}

@Article{kram:lewi:cobb:fore:visc:wank:boxe:reun:1974,
  journal =      "JBIOPH",
  volume =       "2",
  number =       "4",
  pages =        "299--312",
  author =       "William G. Kramer and Richard P. Lewis and Tyson C.
                 Cobb and Wilbur F. {Forester, Jr.} and James A.
                 Visconti and Lee A. Wanke and Harold G. Boxenbaum and
                 Richard H. Reuning",
  title =        "Pharmacokinetics of Digoxin: Comparison of a two- and
                 three-compartment model in man",
  year =         "1974",
}

@Article{lair:lang:stra:1987,
  journal =      "J. of the Amer. Stat'l. Assn.",
  volume =       "82",
  pages =        "97--105",
  keywords =     "Mixed model; Restricted maximum likelihood; Growth
                 curve",
  author =       "Nan Laird and Nicholas Lange and Daniel Stram",
  title =        "Maximum Likelihood Computations With Repeated
                 Measures: {A}pplication of the {E}{M} Algorithm",
  year =         "1987",
}

@Article{lair:ware:1982,
  journal =      BIOMX,
  volume =       "38",
  pages =        "963--974",
  author =       "N. Laird and J. Ware",
  title =        "Random--effects models for longitudinal data",
  year =         "1982",
}

@Article{leve:1944,
  journal =      "Quart. Appl. Math.",
  volume =       "2",
  pages =        "164--168",
  author =       "K. Levenberg",
  title =        "A method for the solution of certain nonlinear
                 problems in least squares",
  year =         "1944",
}

@PhdThesis{lind:1987,
  school =       "University of Wisconsin--Madison",
  author =       "Mary J. Lindstrom",
  title =        "Linear and Nonlinear Mixed Effects Models for Repeated
                 Measures Data",
  year =         "1987",
}

@Article{lins:1975,
  journal =      "Statist. Neerland.",
  volume =       "29",
  pages =        "93--99",
  author =       "H. N. Linssen",
  title =        "Nonlinearity measures: a case study",
  year =         "1975",
}

@MastersThesis{lyth:1986,
  school =       "Queen's University",
  author =       "Steven C. Lythgoe",
  title =        "A Model for the Thermal Dissolver of the Wilsonville
                 Direct Coal Liquefaction Process",
  year =         "1986",
}

@Article{marq:1963,
  journal =      "J. SIAM",
  volume =       "11",
  pages =        "431--441",
  author =       "D. W. Marquardt",
  title =        "An algorithm for the estimation of non-linear
                 parameters",
  year =         "1963",
}

@PhdThesis{mars:1967,
  school =       "University of Wisconsin--Madison",
  author =       "Donald Marske",
  title =        "Biochemical oxygen demand data interpretation using
                 sum of squares surface",
  year =         "1967",
}

@Article{mcle:baco:down:1980,
  journal =      "Canad. J. Chem. Eng.",
  volume =       "58",
  pages =        "608--619",
  author =       "D. D. McLean and D. W. Bacon and J. Downie",
  title =        "Statistical identification of a reaction network using
                 an integral plug flow reactor",
  year =         "1980",
}

@Article{mcle:boag:baco:down:1979,
  journal =      "Canad. J. Chem. Eng.",
  volume =       "57",
  pages =        "605--608",
  author =       "D. D. McLean and I. F. Boag and D. W. Bacon and J.
                 Downie",
  title =        "Solution of {SSAM} and {REDOX} equations",
  year =         "1979",
}

@InCollection{metz:1981,
  publisher =    "Plenum",
  address =      "New York",
  booktitle =    "Kinetic Data Analysis - Design and Analysis of Enzyme
                 and Pharmacokinetic Experiments",
  author =       "C. M. Metzler",
  editor =       "L. Endrenyi",
  title =        "Statistical properties of kinetic estimates",
  year =         "1981",
}

@Article{meye:roth:1972,
  journal =      "J. Inst. Math. Applics.",
  volume =       "9",
  pages =        "218",
  author =       "R. R. Meyer and P. M. Roth",
  title =        "Modified damped least squares",
  year =         "1972",
}

@Article{meza:butt:1968,
  journal =      "Ind. Eng. Chem. Fundamentals",
  volume =       "7",
  pages =        "120--125",
  author =       "R. Mezaki and J. B. Butt",
  title =        "Estimation of rate constants from multiresponse
                 kinetic data",
  year =         "1968",
}

@Article{meza:drap:john:1973,
  journal =      "Ind. Eng. Chem. Fundamentals",
  volume =       "12",
  pages =        "251--254",
  author =       "R. Mezaki and N. R. Draper and R. A. Johnson",
  title =        "On the violation of assumptions in nonlinear least
                 squares by interchange of response and predictor
                 variables",
  year =         "1973",
}

@Article{meza:kitt:1966,
  journal =      "Canad. J. Chem. Eng.",
  volume =       "44",
  pages =        "285",
  author =       "R. Mezaki and J. R. Kittrell",
  title =        "Discrimination between rival models through
                 nonintrinsic parameters",
  year =         "1966",
}

@Article{meza:kitt:1967,
  journal =      "Ind. Eng. Chem.",
  volume =       "59",
  number =       "5",
  pages =        "63--69",
  author =       "R. Mezaki and J. R. Kittrell",
  title =        "Parametric sensitivity in fitting nonlinear kinetic
                 models",
  year =         "1967",
}

@Article{meza:kitt:1968,
  journal =      "Amer. Inst. Chem. Eng. J.",
  volume =       "14",
  pages =        "513",
  author =       "R. Mezaki and J. R. Kittrell",
  title =        "Nonlinear least squares for model screening",
  year =         "1968",
}

@Article{meza:kitt:hill:1967,
  journal =      "Ind. Eng. Chem.",
  volume =       "59",
  number =       "1",
  pages =        "93--95",
  author =       "R. Mezaki and J. R. Kittrell and W. J. Hill",
  title =        "An analysis of kinetic power function models",
  year =         "1967",
}

@Article{mich:ment:1913,
  journal =      "Biochemische Zeitschrift",
  volume =       "49",
  pages =        "333",
  author =       "L. Michaelis and M. L. Menten",
  title =        "Kinetik der Invertinwirkung",
  year =         "1913",
}

@Article{mill:1983,
  journal =      "CSIRO--DMS Newsletter",
  volume =       "43",
  author =       "Allan Miller",
  title =        "{BMD} {P3R} -- {A} warning",
  year =         "1983",
}

@Article{mirs:1960,
  journal =      "Quart. J. Math. Oxford",
  volume =       "11",
  pages =        "50--59",
  author =       "L. Mirsky",
  title =        "Symmetric gauge functions and unitarily invariant
                 norms",
  year =         "1960",
}

@Manual{mole:1981,
  organization = "Dept. of Computer Science, U. of New Mexico",
  author =       "C. Moler",
  title =        "Matlab Users' Guide",
  year =         "1981",
}

@Article{mole:vanl:1978,
  journal =      "SIAMREV",
  volume =       "20",
  number =       "4",
  pages =        "801--836",
  author =       "Cleve Moler and Charles Van Loan",
  title =        "Nineteen Dubious Ways to Compute the Exponential of a
                 Matrix",
  year =         "1978",
}

@Manual{more:garb:hill:1980,
  organization = "Argonne National Laboratory",
  address =      "Argonne, IL",
  number =       "ANL-80-74",
  author =       "J. J. More and B. S. Garbow and K. E. Hillstrom",
  title =        "User Guide for {M}inpack-1",
  year =         "1980",
}

@Article{nayl:smit:1982,
  journal =      "APPSTAT",
  volume =       "31",
  pages =        "214--225",
  author =       "J. C. Naylor and A. F. M. Smith",
  title =        "Applications of a method for the efficient computation
                 of posterior distributions",
  year =         "1982",
}

@InCollection{osbo:1971,
  publisher =    "Academic Press",
  address =      "New York",
  booktitle =    "Numerical Methods for Non-linear Optimization",
  editor =       "F. A. Lootsma",
  author =       "M. R. Osborne",
  title =        "Some aspects of non\-linear least squares
                 calculations",
  year =         "1971",
}

@Article{pede:1977,
  journal =      "J. Pharmacokin. Biopharm.",
  volume =       "5",
  pages =        "513",
  author =       "P. V. Pedersen",
  title =        "Curve fitting and modeling in pharmacokinetics and
                 some practical experiences with {NONLIN} and a new
                 program {FUNFIT}",
  year =         "1977",
}

@Article{pede:1978,
  journal =      "J. Pharmacokin. Biopharm.",
  volume =       "6",
  pages =        "447",
  author =       "P. V. Pedersen",
  title =        "Curve fitting and modeling in pharmacokinetics: a
                 reply from the author",
  year =         "1978",
}

@Article{pete:lapi:1966,
  journal =      "Chem. Eng. Sci.",
  volume =       "21",
  pages =        "655--664",
  author =       "T. I. Peterson and L. Lapidus",
  title =        "Nonlinear estimation analysis of the kinetics of
                 catalytic ethanol dehydrogenation",
  year =         "1966",
}

@Article{podo:kim:1974,
  journal =      "Ind. Eng. Chem. Process Design Development",
  volume =       "13",
  pages =        "415--421",
  author =       "W. F. Podolski and Y. G. Kim",
  title =        "Modelling the water-gas shift reaction",
  year =         "1974",
}

@Article{port:ewel:1981,
  journal =      "Econ. Modelling",
  volume =       "14",
  pages =        "125--132",
  author =       "K. M. Portier and K. C. Ewel",
  title =        "Confidence bands for a regression-based, nonlinear
                 decomposition model",
  year =         "1981",
}

@Book{prit:1972,
  publisher =    "Queen's University at Kingston",
  author =       "Douglas Pritchard",
  title =        "Statistical Design and Analysis Using Experimental
                 Kinetic Data",
  year =         "1972",
}

@Article{prit:baco:1974,
  journal =      "Canad. J. Chem. Eng.",
  volume =       "52",
  pages =        "103--109",
  author =       "D. J. Pritchard and D. W. Bacon",
  title =        "Potential pitfalls in model discrimination",
  year =         "1974",
}

@Article{prit:baco:1975,
  journal =      "Chem. Eng. Sci.",
  volume =       "30",
  pages =        "567--574",
  author =       "D. J. Pritchard and D. W. Bacon",
  title =        "Statistical assessment of chemical kinetic models",
  year =         "1975",
}

@Article{prit:mcle:baco:down:1980,
  journal =      "J. Catalysis",
  volume =       "61",
  pages =        "430--434",
  author =       "D. J. Pritchard and D. D. McLean and D. W. Bacon and
                 J. Downie",
  title =        "Testing the assumption of surface homogeneity in
                 modelling catalytic reactions",
  year =         "1980",
}

@Article{raci:grie:fluh:smit:1986,
  journal =      "APPSTAT",
  volume =       "35",
  number =       "2",
  pages =        "93--120",
  note =         "Discussion 121-150",
  author =       "A. Racine and A. P. Grieve and H. Fluhler and A. F. M.
                 Smith",
  title =        "Bayesian methods in practice: Experiences in the
                 pharmaceutical industry",
  year =         "1986",
}

@TechReport{ratk:1979,
  institution =  "CSIRO Division of Mathematics and Statistics",
  author =       "David A. Ratkowsky",
  title =        "Choosing the `best' parameterization of the asymptotic
                 regression model",
  year =         "1979",
}

@Article{ratk:1985,
  journal =      "Chemical Engineering Science",
  volume =       "40",
  number =       "9",
  pages =        "1623--1628",
  author =       "D. A. Ratkowsky",
  title =        "A statistically suitable general formulation for
                 modelling catalytic chemical reactions",
  year =         "1985",
}

@Article{reil:1970,
  journal =      "Canad. J. Chem. Eng.",
  volume =       "48",
  pages =        "168--173",
  author =       "P. M. Reilly",
  title =        "Statistical methods in model discrimination",
  year =         "1970",
}

@Article{reil:bajr:blau:bran:saue:1977,
  journal =      "Canad. J. Chem. Eng.",
  volume =       "55",
  pages =        "614--622",
  author =       "P. M. Reilly and R. Bajramovic and G. E. Blau and D.
                 R. Branson and M. W. Sauerhoff",
  title =        "Guidelines for the optimal design of experiments to
                 estimate parameters in first order kinetic models",
  year =         "1977",
}

@Article{reil:blau:1974,
  journal =      "Canad. J. Chem. Eng.",
  volume =       "52",
  pages =        "289--299",
  author =       "P. M. Reilly and G. E. Blau",
  title =        "The use of statistical methods to build mathematical
                 models of chemical reacting systems",
  year =         "1974",
}

@InCollection{renw:1982,
  publisher =    "Raven Press",
  address =      "New York",
  booktitle =    "Principles and Methods of Toxicology",
  author =       "A. G. Renwick",
  editor =       "A. Wallace Hayes",
  title =        "Pharmacokinetics in toxicology",
  year =         "1982",
}

@InProceedings{rice:ross:1978,
  publisher =    "Physica-Verlag",
  address =      "Vienna",
  booktitle =    "COMPSTAT 78, Third Symposium on Computation",
  author =       "John R. Rice and G. J. S. Ross",
  editor =       "L. Corstein and J. Hermans",
  title =        "Exact and approximate confidence regions for functions
                 of parameters in non-linear models",
  year =         "1978",
}

@Book{roll:1950,
  publisher =    "Harvard University Press",
  address =      "Cambridge, MA",
  author =       "Duane Roller",
  title =        "The Early Development of the Concepts of Temperature
                 and Heat: The Rise and Decline of the Caloric Theory",
  year =         "1950",
}

@InCollection{shei:1985,
  publisher =    "Raven Press",
  address =      "New York",
  booktitle =    "Variability in Drug Therapy: Description, Estimation,
                 and Control",
  author =       "Lewis B. Sheiner",
  editor =       "M. Rowland and L. B. Sheiner and J. Steimer",
  title =        "Modeling pharmacokinetic/pharmacodynamic variability",
  year =         "1985",
}

@Article{shei:beal:1985,
  journal =      "Journal of Pharmacokinetics and Biopharmaceutics",
  volume =       "13",
  number =       "2",
  pages =        "185--201",
  author =       "Lewis B. Sheiner and Stuart L. Beal",
  title =        "Pharmacokinetic parameter estimates from several least
                 squares procedures: Superiority of extended least
                 squares",
  year =         "1985",
}

@TechReport{smit:1979,
  institution =  "Fisheries and Environment Canada",
  type =         "Fisheries and Marine Services Technical Report",
  number =       "889",
  author =       "W. R. Smith",
  title =        "Parameter estimation in nonlinear models of biological
                 systems",
  year =         "1979",
}

@Article{stjo:drap:1975,
  journal =      "Technometrics",
  volume =       "17",
  pages =        "15--23",
  author =       "R. C. St. John and N. R. Draper",
  title =        "{D}-optimality for regression designs: {A} review",
  year =         "1975",
}

@Article{sund:1978,
  journal =      "Aust. J. Statist.",
  volume =       "20",
  pages =        "270--274",
  author =       "N. Sundararaj",
  title =        "A method for confidence regions for nonlinear models",
  year =         "1978",
}

@Article{sutt:macg:1977,
  journal =      "Canad. J. Chem. Eng.",
  volume =       "55",
  pages =        "602--608",
  author =       "T. L. Sutton and J. F. MacGregor",
  title =        "The analysis and design of vapour-liquid equilibrium
                 experiments",
  year =         "1977",
}

@Article{tier:kada:1986,
  journal =      JASA,
  volume =       "81",
  number =       "393",
  pages =        "82--86",
  author =       "Luke Tierney and Joseph B. Kadane",
  title =        "Accurate approximations for posterior moments and
                 densities",
  year =         "1986",
}

@MastersThesis{trel:1974,
  school =       "University of Toronto",
  author =       "M. A. Treloar",
  title =        "Effects of Puromycin on Galactosyltransferase of Golgi
                 Membranes",
  year =         "1974",
}

@Book{tuft:1983,
  publisher =    "Graphics Press",
  address =      "Cheshire, CT",
  pages =        "197",
  author =       "Edward R. Tufte",
  title =        "The Visual Display of Quantitative Information",
  year =         "1983",
}

@Article{wagn:1967,
  journal =      "Clin. Pharmacology and Therapeutics",
  volume =       "8",
  pages =        "201",
  author =       "J. G. Wagner",
  title =        "Use of computers in pharmacokinetics",
  year =         "1967",
}

@Book{wagn:1975,
  publisher =    "Drug Intelligence Publications",
  address =      "Hamilton, IL",
  author =       "John G. Wagner",
  title =        "Fundamentals of Clincal Pharmacokinetics",
  year =         "1975",
}

@Article{wagn:cowo:1977,
  journal =      "JBIOPH",
  volume =       "5",
  pages =        "161--182",
  author =       "John G. Wagner and coworkers",
  title =        "Pharmacokinetic parameters estimated from intravenous
                 data by uniform methods and some of their uses.",
  year =         "1977",
}

@InCollection{watt:1981,
  publisher =    "Plenum",
  address =      "New York",
  booktitle =    "Kinetic Data Analysis - Design and Analysis of Enzyme
                 and Pharmacokinetic Experiments",
  author =       "D. G. Watts",
  editor =       "L. Endrenyi",
  title =        "An Introduction to Nonlinear Least Squares",
  year =         "1981",
}

@TechReport{watt:debe:stir:1986,
  institution =  "Rohm and Haas Co.",
  address =      "Spring House, PA",
  author =       "Donald G. Watts and Donald deBethizy and Robert G.
                 Stiratelli",
  title =        "Toxicity of Ethyl Acrylate",
  year =         "1986",
}

@PhdThesis{wolf:1986,
  school =       "University of Wisconsin--Madison",
  author =       "Dennis A. Wolf",
  title =        "Nonlinear Least Squares for Linear Compartment
                 Models",
  year =         "1986",
}

@Article{zieg:gorm:1980,
  journal =      "Technometrics",
  volume =       "22",
  pages =        "139--151",
  keywords =     "Nonlinear regression; Parameter estimation",
  author =       "Eric R. Ziegel and John W. Gorman",
  title =        "Kinetic Modelling With Multiresponse Data",
  year =         "1980",
}
