@Book{ande:1983,
  publisher =    "Springer-Verlag",
  address =      "Berlin",
  author =       "David H. Anderson",
  title =        "Compartmental Modeling and Tracer Kinetics",
  year =         "1983",
}

@Article{ansl:1985,
  journal =      "American Statistician",
  volume =       "39",
  pages =        "55--59",
  keywords =     "Linear model",
  author =       "Craig F. Ansley",
  title =        "Quick Proofs of Some Regression Theorems Via the {QR}
                 Algorithm",
  year =         "1985",
}

@Article{bach:seru:youn:lisk:1972,
  journal =      "Science",
  volume =       "117",
  pages =        "1192--1193",
  author =       "C. A. Bache and J. W. Serum and W. D. Youngs and D. J.
                 Lisk",
  title =        "Polychlorinated {B}iphenyl residues: {A}ccumulation in
                 {C}ayuga {L}ake trout with age",
  year =         "1972",
}

@Article{baco:watt:1971,
  journal =      BIOKA,
  volume =       "58",
  pages =        "525--534",
  author =       "D. W. Bacon and D. G. Watts",
  title =        "Estimating the transition between two intersecting
                 straight lines",
  year =         "1971",
}

@Book{bard:1974,
  publisher =    "Academic Press",
  address =      "New York",
  author =       "Y. Bard",
  title =        "Nonlinear Parameter Estimation",
  year =         "1974",
}

@Article{bate:hami:watt:1983,
  journal =      "Communications in Stat., Part B--Simulation and
                 Comp.",
  volume =       "12",
  pages =        "469--477",
  keywords =     "Orthogonal vectors; Computer program",
  author =       "Douglas M. Bates and David C. Hamilton and Donald G.
                 Watts",
  title =        "Calculation of Intrinsic and Parameter-effects
                 Curvatures for Nonlinear Regression Models",
  year =         "1983",
}

@Article{bate:lind:1986,
  journal =      "ASA Proc. of Stat'l. Computing Sect.",
  pages =        "152--157",
  author =       "Douglas M. Bates and Mary J. Lindstrom",
  title =        "Nonlinear Least Squares With Conditionally Linear
                 Parameters",
  year =         "1986",
}

@Article{bate:watt:1980,
  journal =      "JRSS-B, Methodological",
  volume =       "42",
  pages =        "1--25",
  keywords =     "Geometry; Least squares",
  author =       "Douglas M. Bates and Donald G. Watts",
  title =        "Relative Curvature Measures of Nonlinearity",
  year =         "1980",
}

@Article{bate:watt:1981:anna,
  journal =      "Ann. of Statistics",
  volume =       "9",
  pages =        "1152--1167",
  author =       "Douglas M. Bates and Donald G. Watts",
  title =        "Parameter Transformations for Improved Approximate
                 Confidence Regions in Nonlinear Least Squares",
  year =         "1981",
}

@Article{bate:watt:1981:tech,
  journal =      "Technometrics",
  volume =       "23",
  pages =        "179--183",
  keywords =     "Regression",
  author =       "Douglas M. Bates and Donald G. Watts",
  title =        "A Relative Offset Orthogonality Convergence Criterion
                 for Nonlinear Least Squares",
  year =         "1981",
}

@Article{bate:watt:1984,
  journal =      "Communications in Stat., Part B--Simulation and
                 Comp.",
  volume =       "13",
  pages =        "705--715",
  keywords =     "Computer program; Nonlinear least squares",
  author =       "Douglas M. Bates and Donald G. Watts",
  title =        "A Multi-response {G}auss-{N}ewton Algorithm",
  year =         "1984",
}

@Article{bate:watt:1985,
  journal =      "Technometrics",
  volume =       "27",
  pages =        "329--339",
  keywords =     "Gradient; Hessian; Convergence",
  author =       "Douglas M. Bates and Donald G. Watts",
  title =        "Multiresponse Estimation With Special Application to
                 Linear Systems of Differential Equations ({C}/{R}:
                 {P340}-360)",
  year =         "1985",
}

@Article{bate:watt:1987,
  journal =      "SIAM J. on Scientific and Stat'l. Computing",
  volume =       "8",
  pages =        "49--55",
  keywords =     "Nonlinear optimization",
  author =       "Douglas M. Bates and Donald G. Watts",
  title =        "A Generalized {G}auss-{N}ewton Procedure for
                 Multi-response Parameter Estimation",
  year =         "1987",
}

@Article{bate:wolf:watt:1986,
  journal =      "PCmpScSt",
  volume =       "17",
  pages =        "71--81",
  author =       "Douglas M. Bates and Dennis A. Wolf and Donald G.
                 Watts",
  title =        "Nonlinear Least Squares and First-order Kinetics",
  year =         "1986",
}

@Article{beal:1960,
  journal =      JRSSB,
  volume =       "22",
  pages =        "41--76",
  note =         "Discussion 76-88",
  author =       "E. M. L. Beale",
  title =        "Confidence Regions in Nonlinear Estimation",
  year =         "1960",
}

@Book{beck:arno:1977,
  publisher =    "Wiley",
  address =      "New York",
  author =       "J. V. Beck and K. J. Arnold",
  title =        "Parameter Estimation in Engineering and Science",
  year =         "1977",
}

@Book{bels:kuh:wels:1980,
  publisher =    "Wiley",
  address =      "New York",
  pages =        "292",
  keywords =     "Outlier; Robust procedures",
  author =       "David A. Belsley and Edwin Kuh and Roy E. Welsch",
  title =        "Regression {D}iagnostics: {I}dentifying Influential
                 Data and Sources of Collinearity",
  year =         "1980",
}

@Article{blis:jame:1966,
  journal =      "Biometrics",
  volume =       "22",
  pages =        "573--602",
  author =       "C. I. Bliss and A. T. James",
  title =        "Fitting the rectangular hyperbola",
  year =         "1966",
}

@Article{box:1968,
  journal =      "JRSSB",
  volume =       "30",
  author =       "M. J. Box",
  pages =        "290--302",
  title =        "The occurence of replications in optimal designs of
                 experiments to estimate parameters in nonlinear
                 models",
  year =         "1968",
}

@Article{box:drap:1959,
  journal =      JASA,
  volume =       "54",
  pages =        "622--653",
  author =       "G. E. P. Box and N. R. Draper",
  title =        "A basis for the selection of a response surface
                 design",
  year =         "1959",
}

@Article{box:drap:1965,
  journal =      BIOKA,
  volume =       "52",
  pages =        "355--365",
  author =       "G. E. P. Box and N. R. Draper",
  title =        "The {B}ayesian estimation of common parameters from
                 several responses",
  year =         "1965",
}

@Book{box:drap:1987,
  publisher =    "Wiley",
  address =      "New York",
  pages =        "669",
  keywords =     "Experimental design; Optimal design",
  author =       "George E. P. Box and Norman R. Draper",
  title =        "Empirical Model-building and Response Surfaces",
  year =         "1987",
}

@Article{box:drap:hunt:1970,
  journal =      "Technometrics",
  volume =       "12",
  pages =        "613--620",
  author =       "M. J. Box and N. R. Draper and W. G. Hunter",
  title =        "Missing values in multi-response nonlinear data
                 fitting",
  year =         "1970",
}

@Article{box:hill:1974,
  journal =      "Technometrics",
  volume =       "16",
  author =       "G. E. P. Box and W. J. Hill",
  pages =        "385--389",
  title =        "Correcting inhomogeneity of variance with power
                 transformation weighting",
  year =         "1974",
}

@Book{box:hunt:hunt:1978,
  publisher =    "Wiley",
  address =      "New York",
  author =       "George E. P. Box and William G. Hunter and J. Stuart
                 Hunter",
  title =        "Statistics for Experimenters",
  year =         "1978",
}

@Article{box:hunt:macg:erja:1973,
  journal =      "Technometrics",
  volume =       "15",
  number =       "1",
  pages =        "33--51",
  author =       "G. E. P. Box and W. G. Hunter and J. F. MacGregor and
                 J. Erjavec",
  title =        "Some problems associated with the analysis of
                 multiresponse models",
  year =         "1973",
}

@InProceedings{box:kane:1984,
  booktitle =    "Experimental Design, Statistical Models, and Genetic
                 Statistics",
  publisher =    "Marcel Dekker",
  address =      "New York",
  editor =       "Klaus Hinkelmann",
  pages =        "297--318",
  author =       "George E. P. Box and Hiromitsu Kanemasu",
  title =        "Constrained Nonlinear Least Squares",
  year =         "1984",
}

@Article{box:luca:1959,
  journal =      "Biometrika",
  volume =       "46",
  author =       "G. E. P. Box and H. L. Lucas",
  pages =        "77--90",
  title =        "Design of experiments in non-linear situations",
  year =         "1959",
}

@Article{box:meye:1986,
  journal =      "Technometrics",
  volume =       "27",
  pages =        "000--000",
  author =       "George E. P. Box and R. Daniel Meyer",
  title =        "Studies in quality improvement {II}: {A}n analysis of
                 unreplicated fractional factorials",
  year =         "1986",
}

@Book{box:tiao:1973,
  publisher =    "Addison-Wesley",
  address =      "Reading, MA",
  author =       "George E. P. Box and George C. Tiao",
  title =        "Bayesian Inference in Statistical Analysis",
  year =         "1973",
}

@Article{box:tidw:1962,
  journal =      "Technometrics",
  volume =       "4",
  pages =        "531--550",
  author =       "George E. P. Box and Paul W. Tidwell",
  title =        "Transformations of the independent variables",
  year =         "1962",
}

@Article{carr:rupp:1984,
  journal =      "J. of the Amer. Stat'l. Assn.",
  volume =       "79",
  pages =        "321--328",
  keywords =     "Box-Cox model; Robustness; Nonlinear regression",
  author =       "Raymond J. Carroll and David Ruppert",
  title =        "Power Transformations When Fitting Theoretical Models
                 to Data",
  year =         "1984",
}

@Article{carr:rupp:1987,
  journal =      "Technometrics",
  volume =       "29",
  pages =        "287--299",
  keywords =     "Power transformation; Nonlinear model; Bounded
                 influence",
  author =       "R. J. Carroll and David Ruppert",
  title =        "Diagnostics and Robust Estimation When Transforming
                 the Regression Model and the Response",
  year =         "1987",
}

@Book{cham:1977,
  publisher =    "Wiley",
  address =      "New York",
  author =       "John M. Chambers",
  title =        "Computational Methods for Data Analysis",
  year =         "1977",
}

@Book{cham:clev:klei:tuke:1983,
  publisher =    "Wadsworth",
  address =      "Belmont, CA",
  pages =        "395",
  author =       "John M. Chambers and William S. Cleveland and Beat
                 Kleiner and Paul A. Tukey",
  title =        "Graphical Methods for Data Analysis",
  year =         "1983",
}

@Article{clev:1984,
  journal =      "American Statistician",
  volume =       "38",
  pages =        "261--269",
  author =       "William S. Cleveland",
  title =        "Graphs in Scientific Publications",
  year =         "1984",
}

@Book{clev:1985,
  publisher =    "Wadsworth",
  address =      "Belmont, CA",
  pages =        "322",
  keywords =     "Exploratory data analysis",
  author =       "William S. Cleveland",
  title =        "The Elements of Graphing Data",
  year =         "1985",
}

@Book{cont:debo:1980,
  publisher =    "McGraw-Hill",
  address =      "New York",
  author =       "Samuel Daniel Conte and Carl de Boor",
  title =        "Elementary Numerical Analysis: {A}n Algorithmic
                 Approach",
  edition =      "3rd",
  year =         "1980",
}

@Book{cook:weis:1982,
  publisher =    "Chapman and Hall",
  address =      "London",
  pages =        "200",
  keywords =     "Regression diagnostic",
  author =       "R. D. Cook and S. Weisberg",
  title =        "Residuals and Influence in Regression",
  year =         "1982",
}

@Article{cook:weis:1983,
  journal =      "Biometrika",
  volume =       "70",
  pages =        "1--10",
  keywords =     "Influence; Linear model; Residual; Score test",
  author =       "R. Dennis Cook and Sanford Weisberg",
  title =        "Diagnostics for Heteroscedasticity in Regression",
  year =         "1983",
}

@Book{cox:1970,
  publisher =    "Methuen",
  address =      "London",
  author =       "D. R. Cox",
  title =        "Analysis of Binary Data",
  year =         "1970",
}

@Book{dani:wood:1980,
  publisher =    "Wiley",
  address =      "New York",
  pages =        "458",
  keywords =     "Variable selection",
  author =       "Cuthbert Daniel and Fred S. Wood",
  title =        "Fitting Equations to Data: {C}omputer Analysis of
                 Multifactor Data",
  edition =      "2nd",
  year =         "1980",
}

@Book{davi:1956,
  publisher =    "Oliver and Boyd",
  editor =       "O. L. Davies",
  address =      "Edinburgh",
  author =       "",
  title =        "The Design and Analysis of Industrial Experiments",
  edition =      "2nd",
  year =         "1956",
}

@Article{denn:gay:wels:1981,
  journal =      "ACM Trans. on Math'l. Software",
  volume =       "7",
  pages =        "348--368",
  author =       "John E. {Dennis, Jr.} and David M. Gay and Roy E.
                 Welsch",
  title =        "An Adaptive Nonlinear Least-squares Algorithm",
  year =         "1981",
}

@Book{denn:schn:1983,
  publisher =    "Prentice-Hall",
  address =      "Englewood Cliffs, NJ",
  pages =        "378",
  author =       "John E. {Dennis, Jr.} and Robert B. Schnabel",
  title =        "Numerical Methods for Unconstrained Optimization and
                 Nonlinear Equations",
  year =         "1983",
}

@Article{dona:schn:1987,
  journal =      "Technometrics",
  volume =       "29",
  number =       "1",
  pages =        "67--82",
  author =       "Janet R. Donaldson and Robert B. Schnabel",
  title =        "Computational experiences with confidence regions and
                 confidence intervals for nonlinear least squares",
  year =         "1987",
}

@Book{dong:bunc:mole:stew:1979,
  publisher =    "SIAM",
  address =      "Philadelphia",
  author =       "J. J. Dongarra and J. R. Bunch and C. B. Moler and G.
                 W. Stewart",
  title =        "Linpack Users' Guide",
  year =         "1979",
}

@Book{drap:smit:1998,
  publisher =    "Wiley",
  address =      "New York",
  pages =        "709",
  author =       "Norman Draper and Harry {Smith, Jr.}",
  title =        "Applied Regression Analysis",
  edition =      "3rd",
  year =         "1998",
}

@Article{ehre:1981,
  journal =      "American Statistician",
  volume =       "35",
  pages =        "67--71",
  keywords =     "Rounding",
  author =       "A. S. C. Ehrenberg",
  title =        "The Problem of Numeracy",
  year =         "1981",
}

@Article{ehre:1982,
  journal =      "American Statistician",
  volume =       "36",
  pages =        "326--329",
  author =       "A. S. C. Ehrenberg",
  title =        "Writing Technical Papers Or Reports",
  year =         "1982",
}

@Book{fedo:1972,
  publisher =    "Academic Press",
  address =      "New York",
  note =         "Translated by W. J. Studden and E. M. Klimko",
  author =       "V. V. Fedorov",
  title =        "Theory of Optimal Experiments",
  year =         "1972",
}

@Book{fish:1935,
  publisher =    "Oliver and Boyd",
  address =      "London",
  author =       "R. A. Fisher",
  title =        "Design of Experiments",
  year =         "1935",
}

@Book{from:bisc:1979,
  publisher =    "Wiley",
  address =      "New York",
  author =       "Gilbert F. Froment and Kenneth B. Bischoff",
  title =        "Chemical Reactor Analysis and Design",
  year =         "1979",
}

@Book{gill:murr:wrig:1981,
  publisher =    "Academic Press",
  address =      "New York",
  author =       "P. E. Gill and W. Murray and M. H. Wright",
  title =        "Practical Optimization",
  year =         "1981",
}

@Book{godf:1983,
  publisher =    "Academic Press",
  address =      "New York",
  author =       "Keith Godfrey",
  title =        "Compartmental Models and Their Application",
  year =         "1983",
}

@Article{gold:bate:watt:1983,
  journal =      "ASA Proc. of Busn. and Econ. Stat. Sect.",
  pages =        "67--74",
  author =       "Miriam L. Goldberg and Douglas M. Bates and Donald G.
                 Watts",
  title =        "Simplified Methods of Assessing Nonlinearity",
  year =         "1983",
}

@Article{halp:1963,
  journal =      JRSSB,
  volume =       "25",
  pages =        "330--333",
  author =       "M. Halperin",
  title =        "Confidence Interval Estimation in Nonlinear
                 Regression",
  year =         "1963",
}

@Article{hami:1986,
  journal =      BIOKA,
  volume =       "73",
  number =       "1",
  pages =        "57--64",
  author =       "D. Hamilton",
  title =        "Confidence regions for parameter subsets in nonlinear
                 regression",
  year =         "1986",
}

@Article{hami:watt:1985,
  journal =      "Technometrics",
  volume =       "27",
  pages =        "241--250",
  keywords =     "Experimental design",
  author =       "David C. Hamilton and Donald G. Watts",
  title =        "A Quadratic Design Criterion for Precise Estimation in
                 Nonlinear Regression Models",
  year =         "1985",
}

@Article{hami:watt:bate:1982,
  journal =      "Ann. of Statistics",
  volume =       "10",
  pages =        "386--393",
  author =       "David C. Hamilton and Donald G. Watts and Douglas M.
                 Bates",
  title =        "Accounting for Intrinsic Nonlinearity in Nonlinear
                 Regression Parameter Inference Regions",
  year =         "1982",
}

@Article{hart:1961,
  journal =      "Techmometrics",
  volume =       "3",
  pages =        "269--280",
  author =       "H. O. Hartley",
  title =        "The Modified {G}auss-{N}ewton Method for the Fitting
                 of Non-linear Regression Functions by Least Squares",
  year =         "1961",
}

@Article{hock:1983,
  journal =      "Technometrics",
  volume =       "25",
  pages =        "219--249",
  keywords =     "Estimation; Selection; Diagnostic; Influence;
                 Residual; Transformation; Robust procedure;
                 Collinearity",
  author =       "R. R. Hocking",
  title =        "Developments in Linear Regression Methodology:
                 1959-1982",
  year =         "1983",
}

@Article{hill:1980,
  journal =      "Technometrics",
  volume =       "22",
  number =       "2",
  pages =        "275--276",
  author =       "P. D. H. Hill",
  title =        "{D}-optimal designs for partially nonlinear regression
                 models",
  year =         "1980",
}

@Article{hill:hunt:1974,
  journal =      "Technometrics",
  volume =       "16",
  pages =        "425--434",
  author =       "W. J. Hill and W. G. Hunter",
  title =        "Design of experiments for subsets of the parameters",
  year =         "1974",
}

@Article{hill:hunt:wich:1968,
  journal =      "Technometrics",
  volume =       "10",
  pages =        "145--160",
  author =       "W. J. Hill and W. G. Hunter and D. W. Wichern",
  title =        "A joint design criterion for the dual problem of model
                 discrimination and parameter estimation",
  year =         "1968",
}

@Article{hink:1969,
  journal =      BIOKA,
  volume =       "56",
  pages =        "495--504",
  author =       "D. V. Hinkley",
  title =        "Inference about the intersection in two-phase
                 regression",
  year =         "1969",
}

@Book{hube:1981,
  publisher =    "Wiley",
  address =      "New York",
  pages =        "308",
  keywords =     "M-estimator; R-estimator; L-estimator; Regression;
                 Minimax criterion",
  author =       "Peter J. Huber",
  title =        "Robust Statistics",
  year =         "1981",
}

@Article{jenn:samp:1968,
  journal =      "Techmometrics",
  volume =       "10",
  number =       "1",
  pages =        "63--72",
  author =       "R. I. Jennrich and P. F. Sampson",
  title =        "An Application of Stepwise Regression to Non-linear
                 Estimation",
  year =         "1968",
}

@Book{joha:1984,
  publisher =    "Springer-Verlag",
  address =      "New York",
  author =       "Soren Johansen",
  title =        "Function Relations, Random Coefficients, and Nonlinear
                 Regression with Application to Kinetic Data",
  year =         "1984",
}

@Article{john:drap:1975,
  journal =      "Technometrics",
  volume =       "17",
  author =       "R. C. St. John and N. R. Draper",
  pages =        "15--23",
  title =        "{D}-optimality for regression designs: a review",
  year =         "1975",
}

@Article{join:1981,
  journal =      "American Statistician",
  volume =       "35",
  pages =        "227--233",
  keywords =     "Time-order effect; Plotting; Residual; Randomization",
  author =       "Brian L. Joiner",
  title =        "Lurking Variables: {S}ome Examples",
  year =         "1981",
}

@Article{kalb:lawl:voll:1983,
  journal =      "BIOMX",
  volume =       "39",
  pages =        "907--919",
  author =       "J. D. Kalbfleish and J. F. Lawless and W. M. Vollmer",
  title =        "Estimation in Markov models from aggregate data",
  year =         "1983",
}

@Article{kass:1984,
  journal =      "JRSSB",
  volume =       "46",
  pages =        "86--92",
  author =       "Robert E. Kass",
  title =        "Canonical parameterizations and zero parameter-effects
                 curvature",
  year =         "1984",
}

@Article{keep:1951,
  journal =      "Annals of Mathematical Statistics",
  volume =       "40",
  pages =        "633--643",
  author =       "E. S. Keeping",
  title =        "A significance test for exponential regression",
  year =         "1951",
}

@Book{kenn:gent:1980,
  publisher =    "Marcel Dekker",
  address =      "New York",
  pages =        "591",
  keywords =     "Random number generation; Regression; Optimization",
  author =       "William J. {Kennedy, Jr.} and James E. Gentle",
  title =        "Statistical Computing",
  year =         "1980",
}

@Article{khur:1984,
  journal =      "Technometrics",
  volume =       "26",
  pages =        "59--61",
  keywords =     "Fisher's information",
  author =       "A. I. Khuri",
  title =        "A Note on {D}-optimal Designs for Partially Nonlinear
                 Regression Models",
  year =         "1984",
}

@Article{mcle:prit:baco:down:1979,
  journal =      "Technometrics",
  volume =       "21",
  pages =        "291--298",
  keywords =     "Chemical kinetics; Linear dependencies; Parameter
                 estimation",
  author =       "D. D. McLean and D. J. Pritchard and D. W. Bacon and
                 J. Downie",
  title =        "Singularities in Multiresponse Modelling",
  year =         "1979",
}

@Article{lawt:sylv:magg:1972,
  journal =      "Technometrics",
  volume =       "14",
  number =       "3",
  pages =        "513--532",
  author =       "W. H. Lawton and E. A. Sylvestre and M. S. Maggio",
  title =        "Self modeling nonlinear regression",
  year =         "1972",
}

@Book{mont:peck:1982,
  publisher =    "Wiley",
  address =      "New York",
  pages =        "504",
  keywords =     "Multicollinearity; Robustness; Ridge regression;
                 Variable selection",
  author =       "Douglas C. Montgomery and Elizabeth A. Peck",
  title =        "Introduction to Linear Regression Analysis",
  year =         "1982",
}

@Book{onei:1966,
  publisher =    "Academic Press",
  address =      "New York",
  author =       "Barrett O'Neill",
  title =        "Elementary Differential Geometry",
  year =         "1966",
}

@Article{pime:1953,
  journal =      "BIOMX",
  volume =       "9",
  pages =        "498--516",
  author =       "F. Pimentel-Gomes",
  title =        "The use of Mitscherlich's regression law in the
                 analysis of experiments with fertilizers",
  year =         "1953",
}

@Article{rals:jenn:1978,
  journal =      "Technometrics",
  volume =       "20",
  pages =        "7--14",
  keywords =     "Fitting differential equations",
  author =       "Mary L. Ralston and Robert I. Jennrich",
  title =        "{DUD}, a Derivative-free Algorithm for Nonlinear Least
                 Squares",
  year =         "1978",
}

@Book{ratk:1983,
  publisher =    "Marcel Dekker",
  address =      "New York",
  pages =        "292",
  author =       "David A. Ratkowsky",
  title =        "Nonlinear Regression Modeling: {A} Unified Practical
                 Approach",
  year =         "1983",
}

@Book{sas:1985,
  publisher =    "SAS Institute Inc.",
  address =      "Cary, NC",
  author =       "{SAS Institute Inc.}",
  title =        "{SAS} User's Guide: Statistics, Version 5 Edition",
  year =         "1985",
}

@Book{sebe:1977,
  publisher =    "Wiley",
  address =      "New York",
  author =       "G. A. F. Seber",
  title =        "Linear Regression Analysis",
  year =         "1977",
}

@Book{sebe:wild:1989,
  publisher =    "Wiley",
  address =      "New York",
  pages =        "768",
  keywords =     "Model building; Errors in variables",
  author =       "G. A. F. Seber and C. J. Wild",
  title =        "Nonlinear Regression",
  year =         "1989",
}

@Article{silv:titt:1973,
  journal =      BIOKA,
  volume =       "60",
  pages =        "21--32",
  author =       "S. D. Silvey and D. M. Titterington",
  title =        "A geometric approach to optimal design theory",
  year =         "1973",
}

@Book{sned:coch:1980,
  publisher =    "Iowa State University Press",
  address =      "Ames, IA",
  author =       "George W. Snedecor and William G. Cochran",
  title =        "Statistical Methods",
  edition =      "7th",
  year =         "1980",
}

@PhdThesis{sred:1970,
  school =       "University of Wisconsin--Madison",
  author =       "J. Sredni",
  title =        "Problems of Design, Estimation, and Lack of Fit in
                 Model Building",
  year =         "1970",
}

@Article{stei:hunt:1984,
  journal =      "Technometrics",
  volume =       "26",
  pages =        "71--130",
  keywords =     "Optimal design; Computer-aided design; Robustness;
                 Response surface; Mixture; Factorial design; Blocking;
                 Nonlinear model; Consulting; Teaching",
  author =       "David M. Steinberg and William G. Hunter",
  title =        "Experimental Design: {R}eview and Comment",
  year =         "1984",
}

@Article{stev:1951,
  journal =      "BIOMX",
  volume =       "7",
  pages =        "247--267",
  author =       "W. L. Stevens",
  title =        "Asymptotic regression",
  year =         "1951",
}

@Book{stew:1973,
  publisher =    "Academic Press",
  address =      "New York",
  author =       "G. W. Stewart",
  title =        "Introduction to Matrix Computations",
  year =         "1973",
}

@Article{stew:soer:1981,
  journal =      "Technometrics",
  volume =       "23",
  pages =        "131--141",
  author =       "Warren E. Stewart and Jan P. Soerensen",
  title =        "Bayesian Estimation of Common Parameters From
                 Multiresponse Data With Missing Observations (Corr:
                 {V}24 {P91})",
  year =         "1981",
}

@Article{vara:1982,
  journal =      "SIAM J. on Scientific and Stat'l. Computing",
  volume =       "3",
  pages =        "28--46",
  author =       "J. M. Varah",
  title =        "A Spline Least Squares Method for Numerical Parameter
                 Estimation in Differential Equations",
  year =         "1982",
}

@Article{wald:1943,
  journal =      "Annals of Mathematical Statistics",
  volume =       "14",
  pages =        "134--140",
  author =       "A. Wald",
  title =        "On the efficient design of statistical
                 investigations",
  year =         "1943",
}

@Article{watt:baco:1974,
  journal =      "Technometrics",
  volume =       "16",
  pages =        "369--373",
  author =       "D. G. Watts and D. W. Bacon",
  title =        "Using a hyperbola as a transition model to fit
                 two-regimen straight-line data",
  year =         "1974",
}

@Article{watt:bate:1985,
  journal =      "Encyclopedia of Stat'l. Sci., Wiley",
  volume =       "6",
  pages =        "306--312",
  author =       "D. G. Watts and D. M. Bates",
  title =        "Nonlinear Regression",
  year =         "1985",
}

@Article{will:1962,
  journal =      JRSSB,
  volume =       "24",
  pages =        "125--139",
  author =       "E. J. Williams",
  title =        "Exact Fiducial Limits in Nonlinear Estimation",
  year =         "1962",
}

@Article{zieg:1985,
  journal =      "Technometrics",
  volume =       "27",
  pages =        "352--357",
  author =       "Eric R. Ziegel",
  title =        "Comments on ``{M}ultiresponse Estimation With Special
                 Application to Linear Systems of Differential
                 Equations''",
  year =         "1985",
}
